3787 4707
690 277 1752 469 Tagebuch vom 20 Juli 1930
539 433 3514 598 N. Mittag. Telegr. Antwort: »Wegen mässigem Befinden nur Karten geschrie¬
524 575 3415 684 ben. Heute sehr wol fahre eben Pontresina schreibe morgen nach Wien.«
543 723 1976 853 Also nichtmahl ein Brief unterwegs.
532 823 3654 960 Ich war 1 1/2 St mit Trebitsch nur um nicht allein zu sei. Er machte Andeutungen
539 957 3590 1082 als ob A. sich für Fr. Cl. Interessierte. Erzählte sie hätten sie bei einem
526 1102 3625 1222 gemeinsamen Abendessen bei der "Weide" (Lainz) an einem ander Tisch gese¬
522 1222 3695 1365 hen und gegenseitig ihr Entzücken über sie geäussert. Von ihm bösartig
527 1399 3500 1550 gemeint, aber ich sagte darauf, dass A. sie nett findet und ich auch und
545 1525 3671 1692 dass sie sehr hübsche Kinder und einen jungen symp. netten Mann hatt (ich nahm es
535 1658 3656 1818 damals wirklich ganz harmlos. Anmerkung Juli 1932 wo ich auch das Gespräch
528 1788 3130 1979 mit Tr. dass mir seinerzeit völlig belanglos schien hinzufüge.)
522 1917 3597 2098 Brief von Dr D.; Die letzten Gespräche mit dem Onkel haben ihn nachdenklich
541 2058 3703 2238 gemacht, er hätte von einer »Entspannung« gesprochen. Er (Dr D) hofft mich bei
530 2191 2157 2341 meiner Rückkehr eingehend zu sprechen –
526 2326 3461 2507 Womit hab ich das Alles verdient. Ich leide. Jemand erschiessen ist viel
524 2420 1094 2586 barmherziger.
536 2573 3483 2759 22. 7. Ich gehe viel hoffnungsloser fort als ich gekommen bin. Ich fühle
523 2695 3249 2829 alles voraus was mich erwartet – Carry ist der einzige Lichtblick.
524 2840 3615 3013 Gestern N. M. kam unerwartet Carrisu. Magdas Grossmutter aus Franzensbad
524 2954 3602 3101 mich besuchen. ich brach vor ihr in einem Weinkramf zusammen. Ich kann jetzt
524 3074 1713 3225 kein bekanntes Gesicht sehen.
526 3233 3453 3388 22. n. M. im Coupé. Ich fürchte den Brief der mich erwartet. Seit einer
524 3352 3380 3522 Woche keine Wort kein Wunsch für eine gute Heimfahrt (ganz gegen seine
520 3493 2719 3634 sonstige Art) nichts als ein flüchtig hingeworfener Gruss.
520 3604 3469 3783 Und dabei Schmerzen. Mit allerlei Medikamenten meinen Darm- Zustand ein
520 3702 885 3845 gedämmt.
530 3855 3669 4026 (später) Ein klaarer blauer Himmel wie schon lange nicht spannt sich über der
511 3945 3539 4143 Erde aus. Möge auch ihn dieser Himmel diese Erde an ferne schönere Zeiten
511 4067 913 4214 gemahnen.
