3686 4683
2705 308 3079 462 14.4.28.
511 505 1921 665 Acht, dass Du Dich nicht erkältest.
953 665 3285 796 Eben haben mich die drei Damen verlassen. Ich kam mir vor
531 778 3356 935 wie einem Kaffeekränzchen. Gespräche und Religion, Theosophie, Christen-
529 904 3339 1064 tum etz. mit Goethezitaten (von Gretl Königswarternatürlich) Touchant
537 1034 3371 1212 mais hideux! Sie kam übrigens früher als die Andern, brachte mir Blumen
519 1183 3361 1323 und erzählte viel Liebes von Frau Wilbrandt-Baudius. Auch sprachen wir
526 1308 3343 1430 über Besetzungsmöglichkeiten. Etwas verfrüht! Jetzt will ich noch ar-
529 1425 3378 1569 beiten, lesen, telefonieren. Für morgen steht vorläufig nur die Hofrätin
528 1594 3258 1710 Z. am Programm. Vielleicht füge ich noch ein paar Worte bei ehe ich
540 1732 970 1857 schliesse.
2277 1807 2523 1969 16.4.
956 1976 3260 2081 Guten Morgen! Eben erst Deine Karte vom 13.erhalten. So
533 2093 3346 2219 ist die Post. Habe mir von Frieda die genaue Adresse für diesen Brief
532 2225 3431 2362 geben lassen. Sie selbst schreibt heute schon nach Constantinopel, wohin
538 2337 3376 2513 ich auch noch im Laufe des Tages schreibe. Endlich etwas Sonnenschein.
542 2508 3423 2635 Vormittag an die Luft. Ich habe Sehnsucht nach Bewegung und Zerstreuung,
545 2634 3282 2761 Damen jausen genügen mir nicht. Ich hoffe, Du hast eine schöne Fahrt
549 2737 3340 2896 gehabt und die Abreise hat geklappt. Sind Lilt und der Capitano pünkt-
547 2867 3350 3005 lich eingetroffen? Ich hoffe, diese Zeilen kommen rechtzeitig in Deine
517 3011 2434 3130 Hände und ich umarme Dich nochmals herzlichst.
1167 3144 1440 3264 Deine
1463 3251 1670 3422 C.K.
