3787 4718
2103 238 3348 416 12.10.1928. Berlin.Hotel Espl.
706 430 3415 575 Mein Liebes, heute um 11 hätte die Filmkonferenz stattfinden sollen.
670 574 3414 720 Eben (11) telefonirt Herr Kohner - er habe Erkundigungen eingezogen
648 690 3517 851 an behördlichen Stellen; - die Zenzur würde "Spiel im Morgengrauen" abso-
671 847 3508 957 lut nicht gestatten; er habe sich daher entschlossen davon abzusehen-
705 964 3524 1107 Biro (der Dramaturg der Universal Picturs) lese eben meine sämtlichen
661 1095 3306 1235 Werke durch - er sei nun doch am meisten für Casanovas Heimfahrt;
674 1203 3504 1364 jedenfalls möchten sie unbedingt etwas von mir machen. Im übrigen mönch-
707 1350 3438 1508 te er, Herr Kohner, in einer Stunde mir einen neuen Film vorführen; -
671 1489 3497 1662 ich will die Gelegenheit benützen, um mit ihm persönlich das finanziel-
672 1620 3424 1752 le ins reine zu bringen (wobei er sich wieder auf den Generaldirec-
711 1784 3381 1906 tor Friedmann ausreden wird). Das alte Prinzip; hinziehen, - auf die
665 1895 3432 2030 schlechten Nerven und die ökonomische Verlegenheit des Andern speku-
665 1994 3321 2175 liren.-Herr Czinner, - der nach seiner Angabe täglich 14 Stunden im
2627 2112 2932 2198 schrieb
671 2172 3473 2297 Bureau - war natürlich gestern nicht anwesend und zum Ent-
712 2271 3439 2409 gelt einen üblichen Brief. Morgen bin ich mit Hartung zusammen (Re-
706 2422 3536 2563 naissancetheater) xxx der Gang nunmeiner spielen will (kaum denkbar).
772 2512 3354 2652 Nur dies in Eile, und Dank für Brief und Wohnungsplan. Ich denke
658 2652 3452 2845 die Sache ist so günstig als möglich; -morgen Früh also, noch eÿ dieser
662 2805 3446 2915 Brief in Deine Hände gelanget, ruf ich Dich an und hoffe genauert zu
643 2911 1066 3050 erfahren.
693 3001 3424 3222 Max Reinhardt hat auf meinen Besuch nicht reagirt. Wetter schlecht,
688 3203 3561 3348 Befinden gut, ausser Kopfschmerzen. Ich wandere zu Herrn Kohner.
667 3322 2260 3499 (Sollte der Komperativ begründet sein?)
1376 3435 2745 3647 Ich umarme Dich zärtlich. Dein A.
1745 3605 1972 3717 -- — —
3546 99 3681 273 156
