3690 4686
3075 341 3440 478 3.12.27.
569 531 1250 674 zeitigen Wohlbef
1396 561 3371 688 ins mein Herz und meine Nerven sind. Ich habe seit
559 665 3337 795 der Nachricht von diesem Preis Herzklopfen bis in den Hals. Wie wäre
565 811 3281 968 das erst bei einem Schmerz? Es ist natürlich auch die Angst in mir,
559 945 3370 1079 dass diesem Frohen und Guten etwas Böses folgen könnte. Dabei war ich
562 1080 3491 1213 die ganze Nacht von Dankbarkeit erfüllt und ich wuste, wieder es gibt ein
547 1188 1600 1334 Beten auch ohne Religion.
1122 1324 3433 1458 Eben bringt man die Neue Freie Presse, die Nachricht steht
556 1447 3396 1598 schon drin. Du kannst sie schon morgen in Berlin lesen. Ich habe keine
555 1586 3466 1737 Ahnung, was ich jetzt zu tun, wie ich mich zu verhalten habe und überhaupt
556 1725 3348 1857 fehlst Du mir jetzt schrecklich, um meine Freude an Dir abzureagieren.
535 1835 1321 1977 Hübsch gesagt was?
1110 1935 3447 2099 Heute habe ich wieder einen schrecklich gehetzten Tag. Um
585 2123 3464 2228 11 Zahnarzt, um 1 Uhr Frühstück bei Ferda Bl., um 4 Uhr Magda Kl. bei mir,
539 2267 3390 2405 um 1/2 soll ich bei Tante Sidonie sein. Dann werde ich aber ein Schlaf-
542 2372 3461 2534 mittel nehmen und mich ins Bett legen und schlafen. Eben hat mich Frieda
541 2521 3340 2650 sehr beglückt angerufen, ihr Bruder hat ihr die Nachricht ins Bett ge-
537 2637 3374 2783 bracht. Auch Dr. Bloch, mein Vis-a-Vis hat sich schon gemeldet. Das kann
543 2753 3296 2913 heut einguter Tag werden. Nachmittage hoffe ich sehr auf einen Brief
540 2904 3293 3012 von Dir mit guten und gutgelaunten Berichten. Für heute nur tausend
542 3009 1089 3156 innige Küsse.
1198 3124 1652 3280 Deine C.K.
523 3278 1772 3414 Das Telefon tobt unausgesetzt.
1483 3535 1954 3682 (Telegramm)
2284 3524 2642 3687 3.12.27.
517 3635 3086 3809 Volkstheaterpreis erhalten Du fehlst mir sehr in meiner Freude.
1025 3791 1652 3925 Tausend Grüsse
3462 97 3579 278 78
