3742 4666
2061 258 2747 444 Wien, 15. Mai 1924
741 265 1515 448 An Arthurs
800 410 1496 544 Geburtstag
723 515 3256 670 Guten Morgen! Ich möchte so gerne heute als Erste bei Dir sein
701 644 3297 791 und da ich nicht selbst kommen kann, schicke ich Dir einen langen
682 762 3248 921 Kuss, erfüllt von tausend zärtlichen Gedanken, guten Wünschen und
688 874 1242 1003 meiner Liebe.
718 988 3290 1148 Ich rufe nicht an, um Dich nicht in einem ungeeigneten Moment zu
672 1111 2355 1292 stören. Rufe Du mich, sobald es Dir passt.
1472 1284 2391 1446 Deine Clara Katharina.
