<?xml version="1.0" encoding="UTF-8" standalone="yes"?>
<PcGts xmlns="http://schema.primaresearch.org/PAGE/gts/pagecontent/2013-07-15" xmlns:xsi="http://www.w3.org/2001/XMLSchema-instance" xsi:schemaLocation="http://schema.primaresearch.org/PAGE/gts/pagecontent/2013-07-15 http://schema.primaresearch.org/PAGE/gts/pagecontent/2013-07-15/pagecontent.xsd">
    <Metadata>
        <Creator>prov=READ-COOP:name=TrHtr:version=0.0.6:model_id=44522:date=25_11_2022_11:54</Creator>
        <Created>2022-11-17T16:36:51.376+01:00</Created>
        <LastChange>2022-11-25T11:54:27.828Z</LastChange>
        <TranskribusMetadata docId="1233893" pageId="50264939" pageNr="918" tsid="105033014" status="IN_PROGRESS" userId="40391" imgUrl="https://files.transkribus.eu/Get?id=IBKISSSMNENFVKHKFYAXPJAX&amp;fileType=view" xmlUrl="https://files.transkribus.eu/Get?id=NZFVZMFGSUCRAHXASKHNSWRY" imageId="41051347">
            <Property key="mdSetName" value="myMdSet"/>
            <Property key="property2"/>
            <Property key="property1"/>
        </TranskribusMetadata>
    </Metadata>
    <Page imageFilename="HIN-155550_0918.tif" imageWidth="3771" imageHeight="4618">
        <ReadingOrder>
            <OrderedGroup id="ro_1669749964950" caption="Regions reading order">
                <RegionRefIndexed index="0" regionRef="r1"/>
            </OrderedGroup>
        </ReadingOrder>
        <TextRegion id="r1" custom="readingOrder {index:0;}">
            <Coords points="491,121 491,4247 3632,4247 3632,121"/>
            <TextLine id="r1l1" custom="readingOrder {index:0;}">
                <Coords points="487,417 573,436 664,398 705,424 758,383 799,394 822,375 897,416 1104,382 1104,273 1040,254 1002,280 931,258 863,273 833,247 795,273 742,251 679,292 645,270 596,293 562,270 486,285"/>
                <Baseline points="506,350 536,351 566,353 597,354 627,354 658,356 688,356 719,356 749,356 780,354 810,354 841,354 871,353 902,353 932,353 963,353 993,351 1024,352 1054,353 1085,353"/>
                <TextEquiv>
                    <Unicode>Tgb. 2.6.1931.</Unicode>
                </TextEquiv>
            </TextLine>
            <TextLine id="r1l2" custom="readingOrder {index:1;}">
                <Coords points="488,590 3407,602 3338,440 488,480"/>
                <Baseline points="507,546 658,546 810,546 961,546 1113,546 1264,546 1416,546 1567,545 1719,545 1870,545 2022,543 2173,543 2325,542 2476,542 2628,540 2779,540 2931,539 3082,539 3234,537 3386,537"/>
                <TextEquiv>
                    <Unicode>Er meinte, er würde mich eventuell um all mitnehmen, er müsse zur Manikür,</Unicode>
                </TextEquiv>
            </TextLine>
            <TextLine id="r1l3" custom="readingOrder {index:2;}">
                <Coords points="488,688 3181,727 3342,707 3342,609 487,586"/>
                <Baseline points="507,675 647,677 788,678 929,678 1070,678 1211,678 1352,678 1492,678 1633,677 1774,677 1915,675 2056,675 2197,674 2338,674 2478,672 2619,672 2760,672 2901,672 3042,672 3183,674 3324,674"/>
                <TextEquiv>
                    <Unicode>Creditanstalt etc. Aber alles in einem brüsken, unfreundlichen Ton. Ich</Unicode>
                </TextEquiv>
            </TextLine>
            <TextLine id="r1l4" custom="readingOrder {index:3;}">
                <Coords points="489,853 1679,819 1905,886 2293,809 2538,876 2763,819 2763,717 488,714"/>
                <Baseline points="507,809 618,809 730,809 842,809 954,809 1066,809 1178,809 1290,809 1402,809 1514,809 1626,807 1737,807 1849,807 1961,807 2073,806 2185,806 2297,806 2409,804 2521,803 2633,801 2745,800"/>
                <TextEquiv>
                    <Unicode>sagte sehr freundlich: "Ja, ich werde um 'll bereit sein."</Unicode>
                </TextEquiv>
            </TextLine>
            <TextLine id="r1l5" custom="readingOrder {index:4;}">
                <Coords points="481,963 3264,990 3294,855 480,884"/>
                <Baseline points="501,933 639,936 778,936 917,938 1055,938 1194,938 1333,938 1471,938 1610,938 1749,936 1888,936 2026,935 2165,935 2304,933 2442,933 2581,932 2720,932 2858,932 2997,932 3136,932 3275,933"/>
                <TextEquiv>
                    <Unicode>Er kam schon um 1/4 11, ich begrüsste ihn, noch mein Butterbrot essend,</Unicode>
                </TextEquiv>
            </TextLine>
            <TextLine id="r1l6" custom="readingOrder {index:5;}">
                <Coords points="489,1083 3420,1104 3419,1006 3058,958 489,1004"/>
                <Baseline points="509,1070 653,1070 798,1070 942,1070 1087,1070 1232,1070 1376,1070 1521,1070 1665,1068 1810,1068 1955,1068 2099,1067 2244,1067 2388,1065 2533,1065 2678,1065 2822,1064 2967,1064 3111,1062 3256,1062 3401,1062"/>
                <TextEquiv>
                    <Unicode>und er sagte mir, dass er zuerst in die Sempergasse will sich einen neuen</Unicode>
                </TextEquiv>
            </TextLine>
            <TextLine id="r1l8" custom="readingOrder {index:6;}">
                <Coords points="546,1208 3250,1279 3502,1211 3502,1113 545,1098"/>
                <Baseline points="563,1199 716,1199 870,1199 1023,1199 1177,1199 1331,1199 1484,1199 1638,1199 1792,1197 1945,1197 2099,1197 2252,1196 2406,1196 2560,1194 2713,1194 2867,1194 3021,1194 3174,1193 3328,1193 3482,1193"/>
                <TextEquiv>
                    <Unicode>Gunniwantel bestellen. Ich frug freundlich: „Sind wir heute Abend zusammen?“</Unicode>
                </TextEquiv>
            </TextLine>
            <TextLine id="r1l10" custom="readingOrder {index:7;}">
                <Coords points="579,1362 3264,1402 3370,1372 3370,1240 579,1264"/>
                <Baseline points="599,1329 736,1329 874,1329 1011,1329 1149,1329 1286,1329 1424,1329 1561,1329 1699,1328 1836,1328 1974,1328 2112,1328 2249,1326 2387,1326 2524,1326 2662,1325 2799,1325 2937,1325 3074,1325 3212,1325 3350,1325"/>
                <TextEquiv>
                    <Unicode>7: "Nein, heute fahre ich doch mit Frau Clauser und ihrer Schwester und</Unicode>
                </TextEquiv>
            </TextLine>
            <TextLine id="r1l11" custom="readingOrder {index:8;}">
                <Coords points="492,1491 3374,1478 3373,1372 2865,1358 492,1400"/>
                <Baseline points="512,1461 654,1461 796,1461 938,1461 1080,1460 1222,1460 1364,1460 1506,1460 1648,1460 1790,1460 1932,1460 2074,1458 2216,1458 2358,1458 2500,1458 2642,1457 2784,1457 2926,1457 3068,1457 3210,1457 3353,1455"/>
                <TextEquiv>
                    <Unicode>dem Mann, wenn er nicht absagt, über Land.“ ich war starr, sagte aber kein</Unicode>
                </TextEquiv>
            </TextLine>
            <TextLine id="r1l13" custom="readingOrder {index:9;}">
                <Coords points="571,1596 3403,1646 3403,1518 3203,1495 571,1532"/>
                <Baseline points="590,1589 729,1590 869,1592 1009,1592 1148,1592 1288,1592 1428,1592 1567,1592 1707,1592 1847,1592 1987,1592 2126,1590 2266,1590 2406,1590 2545,1589 2685,1589 2825,1589 2964,1589 3104,1589 3244,1589 3384,1589"/>
                <TextEquiv>
                    <Unicode>ort. Unterwegs frug ich ganz gleichgültig, ob Heini auch mit fährt, worauf</Unicode>
                </TextEquiv>
            </TextLine>
            <TextLine id="r1l14" custom="readingOrder {index:10;}">
                <Coords points="493,1765 3371,1751 3371,1653 2727,1609 2539,1687 494,1640"/>
                <Baseline points="513,1692 654,1701 796,1709 938,1715 1080,1719 1222,1723 1364,1725 1506,1727 1648,1727 1790,1727 1932,1725 2073,1724 2215,1722 2357,1722 2499,1721 2641,1719 2783,1719 2925,1719 3067,1721 3209,1722 3351,1725"/>
                <TextEquiv>
                    <Unicode>er antwortete: "Matürlich, es ist doch hauptwächlich für Heini." - Wieso,</Unicode>
                </TextEquiv>
            </TextLine>
            <TextLine id="line_1668778378781_7952" custom="readingOrder {index:11;}">
                <Coords points="482,1860 3529,1904 3530,1787 3357,1760 483,1773"/>
                <Baseline points="500,1812 545,1818 1178,1859 1294,1857 1411,1856 1528,1856 1644,1854 1761,1854 1878,1854 1994,1853 2111,1853 2228,1853 2345,1853 2461,1853 2578,1853 2695,1853 2811,1853 2928,1853 3045,1853 3161,1853 3278,1853 3395,1853 3512,1853"/>
                <TextEquiv>
                    <Unicode>warum, und warum ich nicht mit dabei sein darf ist mir schleierhaft. irgend</Unicode>
                </TextEquiv>
            </TextLine>
            <TextLine id="r1l18" custom="readingOrder {index:12;}">
                <Coords points="602,2038 2214,1993 2734,2080 3479,2001 3479,1922 3269,1895 602,1898"/>
                <Baseline points="621,1985 763,1985 905,1985 1047,1985 1189,1985 1331,1985 1473,1985 1615,1985 1757,1985 1899,1985 2041,1985 2183,1985 2325,1985 2467,1985 2609,1985 2751,1985 2893,1985 3035,1986 3177,1986 3319,1986 3461,1986"/>
                <TextEquiv>
                    <Unicode>was stimmt in der ganzen Sache und seinen ganzten Verhalten nicht. Als er</Unicode>
                </TextEquiv>
            </TextLine>
            <TextLine id="r1l19" custom="readingOrder {index:13;}">
                <Coords points="483,2163 3489,2145 3489,2032 484,2050"/>
                <Baseline points="501,2103 649,2106 797,2109 946,2112 1094,2114 1243,2115 1391,2117 1540,2117 1688,2117 1837,2117 1985,2117 2133,2117 2282,2117 2430,2115 2579,2115 2727,2115 2876,2115 3024,2117 3173,2117 3321,2118 3470,2120"/>
                <TextEquiv>
                    <Unicode>mich beim Schottenthor absetzte, war mir ganz schwindlig. Ich ging über Hof,</Unicode>
                </TextEquiv>
            </TextLine>
            <TextLine id="r1l20" custom="readingOrder {index:14;}">
                <Coords points="488,2290 3302,2269 3302,2171 2906,2126 488,2158"/>
                <Baseline points="506,2240 644,2241 783,2243 922,2244 1061,2246 1200,2246 1339,2247 1478,2247 1617,2247 1756,2247 1895,2247 2033,2247 2172,2247 2311,2246 2450,2246 2589,2246 2728,2246 2867,2245 3006,2244 3145,2244 3284,2244"/>
                <TextEquiv>
                    <Unicode>Freyung und plötzlich stand ich vor einer offenen Kirchentür (dort wo</Unicode>
                </TextEquiv>
            </TextLine>
            <TextLine id="r1l21" custom="readingOrder {index:15;}">
                <Coords points="492,2389 2801,2446 3445,2414 3502,2316 492,2287"/>
                <Baseline points="510,2370 658,2372 807,2372 955,2373 1104,2373 1253,2375 1401,2375 1550,2375 1698,2375 1847,2376 1996,2376 2144,2376 2293,2376 2441,2376 2590,2376 2739,2376 2887,2376 3036,2378 3184,2378 3333,2378 3482,2378"/>
                <TextEquiv>
                    <Unicode>früher das Kriegsministerium war, ich weiss nicht wie sie heimst). Ich trat</Unicode>
                </TextEquiv>
            </TextLine>
            <TextLine id="r1l22" custom="readingOrder {index:16;}">
                <Coords points="495,2558 3188,2560 3387,2534 3387,2399 495,2456"/>
                <Baseline points="512,2504 654,2504 797,2504 940,2504 1083,2504 1226,2504 1368,2504 1511,2504 1654,2504 1797,2504 1940,2504 2082,2504 2225,2505 2368,2505 2511,2505 2654,2505 2796,2505 2939,2505 3082,2507 3225,2507 3368,2507"/>
                <TextEquiv>
                    <Unicode>ein, setzte mich auf eine Kirchenbank und weinte. Und obwohl ich doch an</Unicode>
                </TextEquiv>
            </TextLine>
            <TextLine id="r1l23" custom="readingOrder {index:17;}">
                <Coords points="489,2679 3454,2664 3390,2525 490,2558"/>
                <Baseline points="510,2633 656,2633 802,2634 948,2634 1095,2634 1241,2635 1387,2636 1533,2636 1680,2636 1826,2636 1972,2636 2118,2636 2265,2636 2411,2636 2557,2637 2703,2637 2850,2637 2996,2637 3142,2637 3288,2637 3435,2639"/>
                <TextEquiv>
                    <Unicode>all die Heiligen und den ganzen Klimbim um mich nicht glaube, nur an eine</Unicode>
                </TextEquiv>
            </TextLine>
            <TextLine id="r1l24" custom="readingOrder {index:18;}">
                <Coords points="499,2776 3455,2812 3433,2692 499,2674"/>
                <Baseline points="516,2762 669,2763 823,2765 976,2765 1130,2766 1284,2766 1437,2766 1591,2766 1745,2766 1898,2768 2052,2768 2205,2768 2359,2768 2513,2767 2666,2766 2820,2766 2974,2766 3127,2766 3281,2766 3435,2766"/>
                <TextEquiv>
                    <Unicode>unergründliche Macht, die um und in uns ist, an etwas Göttliches im Welten-</Unicode>
                </TextEquiv>
            </TextLine>
            <TextLine id="r1l25" custom="readingOrder {index:19;}">
                <Coords points="495,2935 3414,2907 3245,2786 495,2829"/>
                <Baseline points="512,2892 656,2892 800,2894 944,2894 1088,2894 1233,2895 1377,2895 1521,2895 1665,2897 1809,2897 1954,2897 2098,2897 2242,2897 2386,2898 2530,2898 2675,2898 2819,2898 2963,2898 3107,2898 3251,2898 3396,2897"/>
                <TextEquiv>
                    <Unicode>raum, kam mir von irgendwo her Beruhigung und Friede wenigstens für eine</Unicode>
                </TextEquiv>
            </TextLine>
            <TextLine id="r1l26" custom="readingOrder {index:20;}">
                <Coords points="490,3059 3288,3077 3323,2942 490,2931"/>
                <Baseline points="509,3020 648,3021 788,3023 928,3024 1067,3026 1207,3026 1347,3026 1486,3026 1626,3027 1766,3026 1906,3026 2045,3026 2185,3026 2325,3026 2464,3026 2604,3027 2744,3027 2883,3027 3023,3029 3163,3030 3303,3032"/>
                <TextEquiv>
                    <Unicode>Weile. Ich machte ein paar Besorgungen und fuhr heim. Der Himmel dick,</Unicode>
                </TextEquiv>
            </TextLine>
            <TextLine id="r1l27" custom="readingOrder {index:21;}">
                <Coords points="491,3191 3309,3174 3234,3049 492,3101"/>
                <Baseline points="510,3156 648,3155 787,3155 926,3155 1065,3155 1204,3155 1343,3156 1482,3156 1621,3156 1760,3156 1899,3158 2037,3158 2176,3159 2315,3159 2454,3159 2593,3161 2732,3161 2871,3161 3010,3161 3149,3162 3288,3162"/>
                <TextEquiv>
                    <Unicode>grau und ein kalter Wind, kein Wetter für einen Ausflug. Morgen wollen</Unicode>
                </TextEquiv>
            </TextLine>
            <TextLine id="r1l28" custom="readingOrder {index:22;}">
                <Coords points="487,3300 833,3354 1319,3283 1583,3363 1790,3299 2498,3304 2498,3203 487,3191"/>
                <Baseline points="507,3284 605,3284 704,3285 802,3285 901,3285 999,3287 1098,3287 1196,3287 1295,3287 1393,3288 1492,3288 1591,3288 1689,3288 1788,3288 1886,3288 1985,3288 2083,3288 2182,3288 2280,3288 2379,3288 2478,3288"/>
                <TextEquiv>
                    <Unicode>Beer-Hofmanns und A. zum Nachtmahl zu mir kommen.</Unicode>
                </TextEquiv>
            </TextLine>
            <TextLine id="r1l29" custom="readingOrder {index:23;}">
                <Coords points="488,3429 3452,3489 3418,3312 488,3316"/>
                <Baseline points="506,3413 652,3414 798,3416 945,3417 1091,3418 1238,3419 1384,3420 1531,3420 1677,3420 1824,3420 1970,3420 2116,3422 2263,3422 2409,3422 2556,3422 2702,3422 2849,3422 2995,3422 3142,3422 3288,3422 3435,3423"/>
                <TextEquiv>
                    <Unicode>Nachmittag desselben Tages. Eben frägt mich Else, ob ich heute Abend nicht</Unicode>
                </TextEquiv>
            </TextLine>
            <TextLine id="r1l30" custom="readingOrder {index:24;}">
                <Coords points="473,3564 3452,3598 3452,3489 3253,3454 473,3477"/>
                <Baseline points="491,3545 638,3545 785,3545 932,3546 1079,3546 1226,3546 1373,3548 1520,3548 1667,3548 1814,3549 1961,3549 2108,3549 2255,3551 2402,3551 2549,3551 2696,3551 2843,3551 2990,3551 3137,3551 3284,3551 3432,3551"/>
                <TextEquiv>
                    <Unicode>beim Herrn Doktor drüben nachtmahle, die Köchin habe ihr, als sie das Koch-</Unicode>
                </TextEquiv>
            </TextLine>
            <TextLine id="r1l31" custom="readingOrder {index:25;}">
                <Coords points="478,3741 2824,3753 3366,3702 3367,3626 478,3606"/>
                <Baseline points="498,3672 640,3675 782,3677 925,3678 1067,3678 1210,3680 1352,3680 1495,3680 1637,3680 1780,3681 1922,3681 2064,3681 2207,3681 2349,3681 2492,3681 2634,3681 2777,3683 2919,3683 3062,3684 3204,3686 3347,3687"/>
                <TextEquiv>
                    <Unicode>buch hinübertrug gesagt, sie habe alle Hände voll zu tun, da sie Gäste an</Unicode>
                </TextEquiv>
            </TextLine>
            <TextLine id="r1l32" custom="readingOrder {index:26;}">
                <Coords points="472,3821 3387,3873 3459,3756 472,3742"/>
                <Baseline points="492,3806 639,3806 786,3806 934,3807 1081,3807 1229,3808 1376,3809 1524,3809 1671,3810 1819,3810 1966,3812 2113,3812 2261,3812 2408,3813 2556,3813 2703,3813 2851,3815 2998,3815 3146,3815 3293,3815 3441,3815"/>
                <TextEquiv>
                    <Unicode>Abend haben und eben Krebse abgesotten. Also Lügen! Niedrige scheussliche</Unicode>
                </TextEquiv>
            </TextLine>
            <TextLine id="r1l33" custom="readingOrder {index:27;}">
                <Coords points="477,3946 2898,4000 3381,3916 477,3878"/>
                <Baseline points="497,3930 640,3933 783,3935 926,3935 1069,3936 1212,3938 1355,3939 1499,3939 1642,3941 1785,3941 1928,3942 2071,3942 2214,3942 2357,3944 2501,3944 2644,3944 2787,3945 2930,3945 3073,3947 3216,3947 3360,3947"/>
                <TextEquiv>
                    <Unicode>Lügen! Damit er mich nicht einladen muss, füngiert er eine Landpartie, im</Unicode>
                </TextEquiv>
            </TextLine>
            <TextLine id="r1l34" custom="readingOrder {index:28;}">
                <Coords points="488,4093 3448,4168 3419,3975 489,4014"/>
                <Baseline points="506,4065 652,4065 798,4067 944,4068 1090,4068 1236,4070 1382,4070 1528,4071 1674,4071 1820,4073 1967,4073 2113,4074 2259,4074 2405,4076 2551,4076 2697,4076 2843,4077 2989,4077 3135,4079 3281,4079 3428,4079"/>
                <TextEquiv>
                    <Unicode> Auto ist ein beschränkter Platz und da Heini dabei ist, ist kein Platz für</Unicode>
                </TextEquiv>
            </TextLine>
            <TextLine id="r1l35" custom="readingOrder {index:29;}">
                <Coords points="484,4235 3282,4235 3188,4122 484,4115"/>
                <Baseline points="503,4200 641,4202 779,4203 917,4205 1055,4206 1193,4208 1331,4208 1469,4209 1607,4209 1745,4209 1883,4209 2021,4211 2159,4211 2297,4211 2435,4211 2573,4211 2711,4212 2849,4212 2987,4212 3125,4214 3264,4215"/>
                <TextEquiv>
                    <Unicode>mich; wo hätte er sich entschuldigt, wenn ich überhaupt gefragt hätten.</Unicode>
                </TextEquiv>
            </TextLine>
            <TextLine id="r1l36" custom="readingOrder {index:30;}">
                <Coords points="3498,248 3525,253 3533,246 3573,271 3600,253 3625,273 3648,274 3655,128 3621,130 3590,151 3575,139 3564,150 3545,134 3522,155 3503,154"/>
                <Baseline points="3518,222 3546,221 3575,223 3603,226 3632,225"/>
                <TextEquiv>
                    <Unicode>182</Unicode>
                </TextEquiv>
            </TextLine>
            <TextEquiv>
                <Unicode>





























</Unicode>
            </TextEquiv>
        </TextRegion>
    </Page>
</PcGts>
