3787 4667
617 316 1290 476 Tgb. 21.8.1929.
614 516 3395 665 Tränen ergriffen. Der Gedanke des Todes wird ganz unwichtig. A. hält
641 621 3441 766 liebevoll meine Hand. Ach, wie verworren und unbegreiflich ist alles.-
628 748 3486 933 Hotel hier in Ouchy sehr prunkvoll, aber unsere Zimmer schlecht, das Es-
614 894 3525 1064 sen mässig. Mein Befinden nicht gut. Hatte auch während des Fluges viel
628 999 1327 1185 Herzbeschwerden.
2781 1118 3074 1252 Plerin
643 1230 3558 1389 23.8. Caux. Nach einer Autoinspektionsfahrt über Montpelerin, Les Avantz,
641 1351 3528 1497 Glion, Territet gestern Abend noch hier gelandet. Am Nachmittag in Ouchy
646 1487 3370 1620 das Gepäck abgeholt, seit ½8 Uhr Abend hier. Wundervolle Lage, ausge-
623 1610 3354 1748 eichnetes Hotel, ideale Zimmer, jedes mit einem Bad. Wie schön, wie
641 1752 1994 1918 zauberhaft könnte das alles sein!
632 1877 3381 2022 A. gestern Abend sehr zärtlich. Ich versuche ihm meine Empfindungen
637 1972 3408 2131 klar zu machen. Er versteht mich nicht; seine Beichung zur O. völlig
644 2126 3451 2276 belanglos, zählt als Frau nicht, empfindet eigentlich Widerwillen gegen
647 2257 3410 2408 ihr Wesen, Zusammenhang nur durch die Kinder. Und gerade das ist gar
647 2388 3262 2550 nicht zu verstehen bei einer Frau, die so wenig eine Mutter war.-
648 2523 1828 2673 Wetter leider kühl und trüb.
647 2667 3418 2870 24.8. Und jetzt ist das Wetter ideal. A. lieb und zärtlich und meist
640 2825 3505 2960 kindlich heiter. Ich gebe mir Mühe nicht zu denken und ihm den Aufent-
639 2960 3385 3090 halt angenehm zu machen. In der Früh Frührtück in meinem Erker, hoch
643 3095 3493 3218 Über dem strahlend blauen See, der tief drunten liegt. Ich im Pygama, A.
652 3220 3578 3377 im Kinono. Später Spaziergang. Gestern nur über das Regina-Hotel hinaus
655 3344 3466 3510 in der Richtung gegen Les Avante, heute gegens Süschaux. Wir sind beide
654 3520 3464 3627 fast übermütig. A. sagte bei Tisch, nachdem ich seine Blicke lange auf
653 3608 3460 3775 mir gefühlt: "Was für ein nettes Wesen Du doch bist,von allen Deinen
657 3737 3550 3876 sonstigen guten Eigenschaften ganz abgesehen.“ Ich dachte, er meine meine
646 3873 3551 4017 Ordnungsliebe. Aber er sagte: "Die gehört wohl auch dazu. Aber ich meine
644 4030 3440 4186 Deine innere und äussere Reinlichkeit. Er sieht so frischaus wienie
657 4161 3551 4273 in Wien. Soh Nachm. mein Stück durch, ohne recht zu wissen, was ich damit
