3786 4630
578 290 1226 468 Tgb. 1.11.1929.
608 506 3482 721 Roman "Die Schönheit der Constanze" in der Neuen Freien Presse begon¬
577 658 832 789 nen.)
579 830 3424 1034 2.11. Schrecklich trauriger Abend bei A. Er sagte: "Wenn ich nur wüsste,
575 963 3279 1147 dass ich gleich tot bin, aber vielleicht gelähmt oder blind." -Diese
577 1115 3498 1256 fortwährenden Todesgedanken und Angstgefühle sind eine Krankheit. Melan-
560 1219 1603 1359 cholie von 8-12 Uhr
567 1353 3382 1614 3.11. Wieder mit Dr. D. gesprochen, ihm gesagt, es muss etwas für A. ge¬
568 1568 974 1695 schehen.
585 1701 3427 1887 Begegnung mit Paula Beer-Hofmann, mit der A. in Marienbad zusammen war.
605 1834 3407 1987 Nach den ersten Worten: "Er hat so gut ausgesehen und war so lieb. Ich
540 1965 3461 2107 hab mich nur geärgert, dass er so oft zu der Bestie (O.) hinübergefahren
547 2109 3290 2248 ist und immer hat er sich den Kopf zerbrochen, was er ihr mitbringen
555 2241 3360 2418 soll." Ich darauf: "Ach, das ist ganz belanglos, ich habe ihn bis Nürn¬
541 2350 3452 2530 berg begleitet und die drei Wochen in der Schweiz waren wundervoll" (in¬
540 2460 3386 2636 nerlich war mir ganz übel). Sie: "Nun, er schien doch wieder fasciniert
553 2614 3502 2777 von der O., sagte, sie sieht blendend aus, um 10 Jahre verjüngt, sich sei ver¬
530 2751 3257 2934 blüffend klug - etc.- Warum erzählt mir das eine Frau wie die Paula
520 2831 2383 3056 Beer-Hofmann? Aus Bosheit? Um mich zu warnen?
538 2988 3462 3169 Ich erzählte ihr, dass A. immer wieder betont, die O. zähle als Frau über¬
530 3128 3323 3283 haupt nicht für ihn. Zusammenhänge nur durch die Kinder. Aber wie mir
530 3263 1401 3394 innerlich zumute ist!
513 3410 3322 3602 Am Abend letzthin mit Alma, Werfel, Hofrätin bei A. Als A. einen Augen¬
516 3531 3398 3696 blick aus dem Zimmer ging, sofort aggressive Bemerkungen über die O. Ich
517 3660 3359 3853 kam übrigens nur auf dringendes Zureden von A. Alle waren sehr lieb zu
500 3776 715 3892 mir.
542 3884 3452 4064 Ueber das Gespräch mit Paula sage ich jetzt kein Wort. Ich will ihn nicht
506 4042 3476 4241 aufregen. Aber wenn er so wohl sein wird nach Berlin zu fahren, dann werde
507 4169 945 4300 ich reden.
