3771 4707
1813 323 2154 466 agebuch.
721 538 1228 689 Sommer1926.
722 667 2776 802 Zeit so lieb und geduldig gewesen, was er mir hoch aus
707 811 3195 936 er brauche nur ein paar Tage des Alleinseins, um sich ganz auf
703 918 3421 1061 seine Arbeit zu konzentrieren, und ich sei die angenehmste Reisege-
709 1069 3201 1230 fährtin u. s.w. Jedenfalls ist wieder jede Spannung beseitigt.
705 1189 3379 1379 Morgen fährt er für 2 Tage nach Grindelwald Dora M. besuchen, dann
725 1337 3309 1460 bleiben wir noch zusammen bis 4.m, dann ich allein über Innsbruck
707 1448 3315 1592 nach Aussee. Am 9. wohl nach Wien, wo A. am 10. eintreffen dürfte.
716 1575 3348 1710 Seine Verstimmung hängt auch damit zusammen, dass er vom Verlag F.
715 1714 3323 1841 keine Antwort wegen des Diagramms hat, was auch ich ungeheuerlich
725 1840 3278 1995 finde. Die Leute sind zu blöd, um diese Arbeit zu verstehen, aber
709 2006 3279 2109 die pure Achtung vor seiner Persönlichkeit hätte eine sofortige
723 2125 3158 2248 Antwort gefordert. Ich glaube er hat viele Feinde, die an der
724 2251 1282 2372 Arbeit sind.
718 2338 3436 2499 29.8. Heute Früh ist Arthur nach Grindelwald gefahren. Ich wünschte
719 2489 3436 2644 schon fast diese Abreise, damit seine Depression und meine zunehmen-
721 2659 3456 2770 de Verstimmung nicht unser Einvernehmen stört. Vielleicht wird die-
718 2774 3291 2889 se kurze Trennung die letzten Tage des Beisammens doppelt schön
712 2907 3264 3041 machen. Wie traurig, dass es bei ihm solcher Kunststücke bedarf,
722 3021 3333 3162 damit er wieder weissendass er mich liebt. Schon wie der Zug sich
725 3151 3209 3275 in Bewegung setzte, sah man seinem Gesichtsausdruck an, dass er
724 3296 3397 3437 fühlte, was wir uns sind und dass er sich seines schwierigen Wesens
707 3433 3335 3554 bewusst ist. Ich bin Vormittag lange in der Sonne des wundervol-
723 3554 3372 3670 len Hotelgartens gesessen, habe geschlafen, an Karl gechrieben und
719 3687 3506 3828 will jetzt am Roman arbeiten. Es ist zu dumm, wie schlecht ich das Al-
710 3799 3404 3910 leinsein vertrage. Es ist eine Nervensache. Ich werde ein Angstge-
729 3968 3337 4104 fühl nicht los und wenn ich an die Heimreise denke wird mir bei-
707 4063 1324 4209 nahe schlecht.
701 4215 3357 4371 30.8. In der Früh um 19 hat mich A. bereits angerufen, er sagte,er
3582 113 3658 216 43
