3799 4626
1983 296 2735 486 Berlin, 15.2.1926.
711 391 810 588 de
724 521 3343 666 Mein Liebes, die Verhandlungen wegen Lbl. scheinen sich wieder zu
747 649 3319 802 erschlagen. Der Nordiskf:lm macht einen neuen,fast unglaublichen
721 772 3377 966 Erpreuzungsverwuch. So begab ich mich eben (statt wie meine Ab-
680 952 3523 1082 sich war Bilder anzusehn) zum Justizrat Rosenberger, um die Sache viel-
677 1066 3280 1193 leichtv von hier aus in Ordnung zu bringen. - Auch mit Barnowsky
720 1147 3479 1344 will nichts vorwärts gehen - er ist ganz konfus und versteht absolut
672 1316 3328 1432 nichts (aber persönlich immer sogar zärtlich.) - Mit Paul Goldmann
673 1411 3474 1615 einige telefonische Gespräche, ohne dass ein Rendezvous zustande kam.-
665 1550 3402 1742 Die Wallenstein-Vorstellung nicht übel. Heini überraschend gut. Hab
687 1681 3545 1859 ich dir geschrieben, dass ich Jesener beim Minister gesprochen habe?
1947 1798 2171 1880 hohen
661 1815 3481 2001 Er äusserte sich über Heini in sakommen Tönen; - übere unsere Angelegen-
632 1969 3458 2153 heit kein Wort. (Natürlich auch keine Entschuldigung) Ueberhaupt...
644 2089 3238 2250 Uebernorgen Dienstag Abend Wien, Mittwoch Nachmittag glaube ich
677 2220 3168 2387 Ankunft und zwischen 4 und 5, wenn nicht früher, ruf ich an.
653 2294 3202 2524 Ich freue mich bald wieder daheim und bald bei, mit Dir zu sein.
642 2460 3345 2634 In recht mässiger Stimmung, wie Du merkst, aber mit den zärtlichsten
635 2607 2280 2784 Gefühlen und mit tausend innigen Küssen.
1757 2728 1972 2881 Dein
2105 2877 2190 3050 A.
1819 2948 2073 3115 I.
