3787 4703
1884 348 3093 484 Wien,17.8.1928. 10 Uhr Abend.
604 525 3511 652 Mein Liebstes, nur tausend innige Küsse. ehe ich einschlafe. Es war heute
620 671 3309 786 ein so ermüdender Tag, dass ich bereits im Bett liege. Ich hoffe so
608 830 3307 938 sehr, dass du dich wohler fühlst und gute Luft und eine sehr schöne
600 906 1577 1056 Landschaft um Dich ist.
603 1022 3474 1206 Als ich in der Früh aus einem sehr tiefen Schlaf (Phanodorm) plötzlich
615 1185 3365 1319 erwachte, erschrak ich geradezu bei dem Bewusstsein, dass Du fort bist
613 1306 3370 1426 und ich dich tagelang nicht sehen werde. Und es war gut, dass ich von
598 1429 3406 1593 früh bis spät nicht recht zur Besinnung kam. Vormittag ungezählte Be¬
633 1570 3404 1723 sorgungen in der Stadt, endlich Direktor Stein wegen Fredis Zeichnun¬
606 1685 3420 1839 gen gesprochen, um 1 Uhr Magda, um 13 sehr verspätet Cary zu Tisch. Dann
596 1837 3292 1996 rasch zu Schenker meine Fahrkarte holen. Bis acht Uhr gepackt, dann
590 1982 3393 2105 Harry bis 10, jetzt totmüde im Bett. Ich hoffe und wünsche mit meinem
595 2095 3330 2215 ganzen Herzen, dass die veränderte Umgebung, die andere Atmosphäre in
603 2210 3199 2386 irgend einer Art wohltätig auf Dich wirken wird. Mehr vermag ich
588 2376 2842 2490 heute nicht zu sagen. Ich küsse Dich. Gute Nacht. Deine
2296 2482 2500 2612 C.K.
