3726 4662
2232 340 2860 515 9.8.1924. Bl. 3
688 500 3414 670 es so sein wird. Wie ich ja oft Ahnungen habe! Jedesfalls finde ich
666 673 3406 810 dieses Rendez-vous mit dir geschmacklos, denn sie konnte Dir ja einen
692 823 3443 967 Tag später in Zuoz dasselbe sagen. Sie will offenbar erzählen können,
631 972 3413 1084 mein Mann hat mich erwartet", einen andern Sinn sehe ich nicht. Viel-
644 1075 3359 1187 leicht ist es hässlich von mir das zu sagen, aber ich schreibe eben,
676 1214 3479 1332 was mir durch den Kopf geht ohne zu überlegen. Eben kamen P.'s vorbei
650 1327 3394 1454 mich holen. Ich habe gesagt, dass ich keine Zeit habe, schreiben muss.
635 1463 3372 1595 Ich hoffe bald von Bir Dein weiteres Programm zu hören, um dann bei-
631 1576 3252 1732 zeiten meine Entschlüsse zu fassen. Ich bin neugierig, ob Du nach
629 1726 3400 1846 Zuoz Übersiedelst, trotzdem Du in Celerina so gut untergebracht bist.
629 1837 3468 2001 Wie Du wohl spüren wirst, ist meine Stimmung vorläufig nicht die beste.
631 2000 3280 2146 Vielleicht wenn die Sonne schiene - vielleicht aber wird auch das
623 2108 1226 2242 nichts nützen.
677 2256 3357 2380 Die Erinnerungen der letzten Tage sind schön und quälend zugleich.
637 2382 3448 2545 Ich küsse Dich und will jetzt mit meinen Gedanken an Dich meinen ein-
631 2495 1749 2662 samen Spaziergang antreten.
1693 2646 1958 2774 Deine
1948 2770 2625 2943 Clara Katharina.
3488 106 3625 284 81
