3771 4501
602 387 3331 608 Mutig Sein heisst Angst überwinden. Sich in eine Gefahr begeben, die
562 596 3366 736 man nicht erfasst hat ist kein Mut. Und wenn es ohne einen guten oder
611 707 3220 898 nützlichen Zweck geschieht, so kann man dieses Vorgehen ruhig als
545 843 1525 1034 Schwachsinn bezeichnen.
599 1173 3322 1382 Oft ist eine mutige Tat nichts anderes gewesen, als eine durch Eitel-
535 1352 2004 1543 keit und Ehrgeiz besiegte Feigheit.
1700 1516 2021 1646 - - - -
591 1694 3458 1938 Es gehört oft weniger Mut dazu eine Tat zu vollbringen, als sich zu ihr
566 1897 1087 2034 zu bekennen.
1608 2005 2033 2134 - - - -
598 2135 3362 2347 Mit dem Leben spielen ist noch kein Beweis von Mut. Es beweist eher
606 2347 3016 2506 die Angst sich mit dem Leben ernsthaft auseinanderzusetzen.
1730 2486 2063 2603 ...
