3674 4678
2836 252 3174 372 14.5.30.
664 529 3151 666 die Zweisamkeit, ohne dass man die Freiheit wirklich geniesst.
1154 642 3306 776 Aber vielleicht ist Dir eine vollkommene Freiheit und
638 783 3266 920 die innere Ruhe, die Dir darauf erstehen könnte, heute zuträglicher
642 918 3406 1035 und wichtiger, als eine Beziehung, die sich nicht ganz Deinen Wünschen
639 1056 1389 1201 anzupassen vermag.
1153 1176 3322 1293 Ich kann heftige Worte und alles vermeiden, was Du mit
644 1301 3408 1463 Szenen zu bezeichnen pflegst und habe es auch seit vielen,vielen Mo-
683 1442 3464 1563 naten getan. Aber ich kann es nicht verhindern, dass Du mir anmerkst,
645 1576 3399 1691 wenn ich bedrückt oder traurig bin. Du tust mir weh und verzeihst mir
641 1714 3346 1846 nicht, dass ich leide. Du strafst mich, indem Du mich kühl behandelst
674 1811 3303 1946 und redest Dich in einen Zustand von Verkrampfung hinein, aus dem
634 1956 2405 2095 Du schliesslich keinen Ausweg mehr findest.
1154 2091 3329 2223 Leidenschaft kannvergehen, aber Liebe und Zärtlichkeit
643 2213 3410 2355 muss übrig bleiben, damit eine Beziehung gut und schön sein kann. Und
652 2343 2520 2478 Liebe und Zärtlichkeit hat keine Altersgrenze.
1160 2458 3249 2582 Darum, mein Liebes, wenn Du fühlst, dass Du mich Anoch
644 2600 3328 2745 wirklich gern hast, wenn Dir bewusst ist, dass ich nichts Unbilliges
652 2747 3288 2862 verlange, wenn Dir an unserer Beziehung, an mir noch so viel liegt,
639 2864 3309 3009 dass die kleinen Rücksichten, die nötig sind, kein Opfer bedeuten,
651 3012 3290 3140 dann, aber auch nur dann rufe mich an, wenn Du diese Zeilen gelesen
639 3138 3282 3241 hast. Nie, mein Kind, habe ich verlangt oder erwartet, dass Du Deine
647 3264 3276 3385 frühere Frau nicht mehr siehst und sprichst. Es handelt sich hier
646 3397 3448 3494 lediglich um das Ausmass der Begegnungen, worunter ich auch nicht ihre
640 3532 3400 3659 heurige Anzahl, sondern nur Form. Dauer und die fortwährenden Kontakte
650 3629 3428 3780 durch zunehmende telefonische Gespräche etc. verstehe, kurzum all das,
640 3774 3411 3900 was ich fortwährend empfinde und Dir und mir überflüssige Irritatio-
639 3920 1165 4049 nen schafft.
1154 4046 3472 4157 Ist Dir aber Deine völlige Freiheit in Deinem Programmen,
640 4219 3307 4347 in allem, was Du tun oder unterlassen willst, wichtiger, dann,Kind -
