3686 4658
2785 230 3195 423 12.11.30.
559 548 3400 685 bis er Angst bekommt, man könnte ihn wirklich dafür halten. Ob alle Men-
562 687 3230 804 schen dieses Buch so auffassen werden, weiss ich nicht, bezwifle ich
561 773 3307 916 sogar, ist aber für den Erfolg auch belanglos. Mich hat es als Kunst-
3044 909 3239 982 mʼest
554 934 3279 1083 werk tief erschüttert, nicht als Krankengeschichten, und mich auch in
549 1055 1626 1206 diesem Sinn nicht gequält.
984 1184 3397 1315 Vielleicht wären als Titel Spiel mit dem Wahn
1437 1289 1590 1365 die
530 1343 3259 1461 oder Der Abgründige, zutreffendsten, aber halte ich in erster
533 1460 3226 1567 Linke "Flucht in die Nacht" für den wirksamsten und bezeichnendsten.
2035 1554 2173 1631 wie
535 1580 3274 1714 Nacht, - sowohl im Sinn des Schlusses, im Sinn von Umnachtung ge-
536 1727 3339 1878 meint. Ich finde, dieser Titel klingt auch sehr schön, sehr vielverspre-
553 1854 3306 1991 chend, dürfte buchhändlerisch sehr wirksam sein und ich glaube nicht,
540 1955 3252 2132 dass sich ein viel besserer finden lässt. Auch der "Weg ins Dunkel"
553 2099 3257 2253 und noch einige, die ich Dir bereits mitgab, lassen sich erwägen, aber
550 2224 2465 2390 "Flucht in die Nacht" ist unbedingt der beste.
1104 2368 3266 2515 Jetzt noch ein paar Kleinigkeiten teils stilistischer
544 2489 3234 2624 Art. Auf Seite 1, gleich am Anfang, stimmt etwas mit dem Wort "hätte"
550 2624 3339 2765 nicht, auf S. 10 finde ich das Wort "Fremdenherberge" zu antiquilviert,
536 2780 3265 2886 auf S.11 "gegenüber rechts" nicht sehr gut ausgedrückt, Seite 34 an-
545 2882 3298 3003 statt "noch heute Abend" besser: am selben Abend. Seite Öl würde ich
551 3043 3252 3158 den Verdacht der "Verrücktheit" bei Herrn Langer fortlassen, weil er
544 3154 3411 3308 unwahrscheinlich und als Krankheitssymptom für Robert doch nicht wirkt.
539 3291 3256 3431 Seite 98 "nicht scharf umrissen" eine nicht klare Stelle. Seite 100
531 3450 3243 3569 die Worte "zurücktrieb" und "Lebensgetriebe" zu rasch nacheinander.
942 3567 3211 3710 Da die Novelle schon wieder bei Frieda ist, kann ich nach
531 3688 3264 3819 dieser einmaligen Lektüre nicht mehr sagen. Ich glaube, dass sie ein
517 3839 3204 3958 ungeheuerer Erfolg sein wird und wünsche es Dir von ganzem Herzen.
946 3941 3264 4096 Ich bin und bleibe im Bett, so zuwider es mir ist, aber ich
527 4090 3178 4234 will diese dumme Erkältung einmal los sein. An Lektüre und Arbeit
3474 121 3603 261 111
