3754 4703
2152 316 2953 496 27.4.1927 Bl.2
1140 553 3377 693 Ich will heute nicht mehr sagen; - ich müsste hundertmal
775 675 3385 813 Gesagtes wiederholen und es ist keineswegs Eigensinn, wenn ich im
808 831 3422 951 mer wieder auf dasselbe zurückkommen muss, da ich doch immer nur
814 947 3401 1074 meine Ansicht der Deinigen gegenüberzustellen vermag. Durch das
783 1081 3303 1198 was ich zu tun und zu unterlassen für richtig finde wird weder
751 1203 3415 1358 Dein Recht noch Deine Würde verletzt und auch Dein Gefühl kann es
1316 1300 1501 1382 wenn.
815 1319 3395 1487 nicht werden, xxx Du nicht an mein Wesen (in dem natürlich auch
807 1459 3460 1576 meine Mängel enthalten sind) Forderungen stellen wolltest, die ich
788 1613 3462 1735 nicht erfüllen kann. Du kennst mich doch, -ich habe mich auch nicht
782 1723 3455 1850 verändert seit Du mich kennst; auch meine Lebensverhältnisse waren
759 1873 3422 1995 Dir von jeher bekannt; es ist doch nichts Neues in meine Existenz
753 1982 3350 2115 getreten seit wir uns kennem und lieben, Du weisst, dass ich nie-
771 2138 3398 2264 manden von mir mehr gebe als Dir - von meinen Kindern abgesehen -
801 2268 3458 2389 das ist aber doch etwas ganz anderes. Keineswegs rührt die Rolle,
765 2375 3252 2497 die die Mutter dieser Kinder in meinem Dasein spielt, und über
1493 2478 1704 2579 loch
776 2505 3300 2651 deren Ausmass Du xxxk sehr genau unterrichtet bist, wenn Du sie
768 2651 3332 2749 auch aus äusseren Gründen als störend empfindest, weder an meine
774 2781 3457 2890 noch an Deine Existenz, noch an die Beziehung zwischen mir und Dir.
747 2901 3451 3041 Also lass mich gewähren und vertraue mir. - Nun aber, mein Kopfweh
762 3042 2976 3190 hört nimmer auf, ins Freie. Sei zärtlich umarmt Dein A.
1671 3172 1935 3285 - - - -
3570 128 3651 292 16
