3770 4638
584 462 970 594 Semmering
576 536 1193 662 Südbahn- Hotel
1897 489 3094 670 Bemmering den 14 ten Mai 1925
1890 632 2900 747 nach Wien (Hotel Regina
567 773 3387 962 Liebste, ich hoffe du bist mir nicht böse, dass ich nun doch allein
587 923 3305 1078 fortgefahren bin- für 2 Tage; es war mir ein solches Bedürfnis- ein
580 1067 3306 1222 paar Stunden in andrer Luft und ganz allein zu sein- schon fühl ich
585 1181 3386 1351 mich dir näher als in den letzten Tagen- mein erstes Bedürfnos hero-
583 1334 3212 1468 ben ist, dir einen zärtlichen Gruss zu senden. Das Hotel ist sehr
568 1443 3215 1588 Vor- Saison. In allen Stöcken wird gebaut renoviert; - 20 Personen
578 1580 3286 1743 ( kaum) wohnen hier; - und ich bekam (in Erinnerung längst vergan-
572 1698 3287 1875 gener Stammgasthaftigkeit) ein Appartement mit Bad, Balkon, wunder-
576 1837 3299 1986 barer Aussicht (zum Einzimmerpreis). Das Mittagessen war beiselesk
591 1988 3141 2125 ( nicht zu verwechseln mit Basilisk) - nicht ohne internationale
565 2074 3299 2229 Allüren. Aber.- hassen sie mich: boeuf bouilli" - es bleibt doch ein
564 2226 3429 2377 Rindfleisch, und die Garnierung ist kalt-" weil die Küche so weit ist".
572 2334 3381 2519 Die habsburgische Tradition, war durch Schönbrunner Reis gewahrt.-
567 2478 3206 2666 Die Coupes trotz der vielen Tunnels, total unbeleuchtet, als wär
569 2627 2650 2760 noch immer Krieg. (Aber Österreich ist halt noch) -
568 2723 1967 2917 Aber die Landschaft, - der Blick-!
563 2886 3246 3033 Auf der Reise hab ich mein Manuskript (Stuck 2 ter Akt Schluss)
567 2998 3484 3153 durchgesehen: jetzt will ich diesen Brief auf die Post geben, dann arbei-
564 3135 3480 3268 ten, daß spazieren ( ev. die nahen (unleserlich). morgen wahrscheinlich
572 3257 1160 3418 Sonnwendstein -
566 3351 2333 3538 Barnovsky kommt 20ten - bleibt bis 24 ten.-
551 3489 1525 3664 Sei umarmt mein Liebes!
1076 3663 1300 3797 Dein
1283 3706 1348 3839 A
3481 73 3644 254 135
