3786 4638
2697 226 3384 422 23.7.1930. Bl.2.
652 279 998 433 An A.S.
658 435 3425 595 Du sagst an einer Stelle, dass Du Dir seiner geringeren Innigkeit der
654 574 3465 702 Gefühle bewusst bist als früher und an einer andern, dass die Entwick¬
647 696 3418 859 lung unserer Beziehung jetzt mehr nach dem Rhythmus Freundschaft als
706 870 3345 991 nach dem der Liebe – und nicht zu ihren Ungunsten tendiert. Nein,
674 1000 2020 1153 mein Kind, das alles stimmt nicht.
648 1112 3405 1268 Erstens habe ich von der Gunst dieses Umschwungs oder dieser Ten¬
644 1285 3511 1378 dierung bisher nicht das Geringste bemerkt, sondern ausschliesslich das
666 1364 3355 1510 Gegenteil. Zweitens glaube ich nicht an diese umschriebene Freund¬
663 1511 3391 1654 schaft, die in einer reinen Form für Herrn Schwarzkopf wertvoll sein
666 1655 3405 1769 mag, in ihrem problematischen Wesen aber zwischen uns nur Konflikte
655 1754 1991 1923 und Irritationen schaffen würde.
664 1891 3463 2033 Drittens bin ich überzeugt, dass das, was zwischen uns vorhanden oder
659 2067 3462 2167 noch vorhanden ist, eine zertretene, verkrampfte, verwundete Liebe ist.
657 2169 2605 2326 die bewusst und unbewusst zu Tode gemartert wird.
662 2280 3425 2455 Gerade an jenem Sonntag, am Tage, ehe Frau Dora Michaelis in Wien auf¬
656 2422 3466 2589 tauchte, hatte ich das sichere Gefühl, dass es nur eines längeren, unge¬
680 2547 3543 2680 störten Zusammenseins bedurfte, um jene Atmosphäre wieder hervor zu zau¬
659 2687 3344 2833 bern, in der zwei Menschen, wie Du und ich sich glücklich fühlen und
674 2791 3384 2932 wiederfinden können – in einer Atmosphäre ungetrübter Zärtlichkeit.
667 2962 3178 3094 Wobei ich, so schwer es mir fällt, es niederzuschreiben, – aber um
686 3076 3499 3194 Missverständnissen vorzubeugen, betonen möchte, dass ich hier nicht an
672 3217 3496 3350 eine Erotik im rein sexuellen Sinn denke und an weitergehende Möglich¬
643 3332 3528 3503 keiten. Und gerade im Anschluss an jenen Sonntag war es mir umso unver¬
675 3482 3507 3619 ständlicher, dass Du Frau M. gegenüber den Wunsch nach Entfernung ge¬
654 3618 3400 3728 äussert hast und jedenfalls in einem Sinn, der ihr gewissermassen den
690 3743 2945 3866 Impuls gab so zu mir zu sprechen, wie sie es getan hat.
664 3854 3510 3988 Gewiss kann man aus einer guten Beziehung heraus den Wunsch haben ein¬
688 4001 3573 4113 mal ein paar Wochen allein zu sein. Aber hier ging es darum sich wieder
660 4134 3428 4269 zu finden und nicht sich noch mehr zu entfernen. Waren wir uns nicht
