3674 4687
206 99 374 252 4.
489 400 2524 624 Von einem im Beit geschriebenem Zettel copiert.
474 567 3612 794 Man hat mich ins Leben zuruckgezerrt. Wozu? Damit ich noch elender werde. Es
479 689 3437 888 Carry hat mir den Magen ausgepumpt, der arme Kerl. Nächstens muss ich es
483 834 3437 1036 schlauer machen. Als Dr. D. mich um acht Uhr Abends anrief (um nach mei-
467 928 3615 1128 nem Gespräch mit A. zu fragen) sprach ich schon lallend. Ich hatte Angst mich
462 1097 3519 1305 nicht zu melden damit nicht jemand besorgt herauseilt, aber D. hat doch et-
471 1231 3422 1424 was gemerkt und seine Frau allarmiert (telefonisch) die gleich herüber-
455 1344 3461 1541 lief ( sie wohnt ja in der Türkensch. Str.) und Carry, der gerade bei ihm
470 1451 3444 1677 war (offenbar um über mich un A. zu beraten.) Ich öffnete Anny, die paar
447 1568 3412 1759 Minuten später anläutete wenn auch taumelnd sonst hätte sie vielleich die
455 1717 3408 1896 Polizei berufen. Soweit vermochte ich och noch zu denken. Sie
454 1862 3375 2054 kam zu früh - ich hatte erst 2 Neodorm 9 Alomal und 3 Quadronox genommen.
452 1973 3315 2210 das übrige entwand sie meinen Händen. Meine Gelenke sind schwarz davon.
441 2087 1240 2279 Und dann kam Carry.
446 2239 3545 2466 Ich lebe nur un noch elender zu werden. Ich bin zu gebrochen um noch etwas zu
432 2384 3493 2600 unternehmen. Ich fange auch an, die Aufrichtigkeit des Dr. Dr. zubezweifeln.
428 2502 3270 2712 Etwas stimmt auch da nicht. Ich bin schon kaum mehr fähig zu denken.
421 2619 3379 2865 Gestern noch saas A. auf meinem Bett, schwur bei allem was ihm heilig ist
419 2776 3574 2981 er sei in die Cl. nie verlieb gewesen und liebe sie nicht, nichteinmal die ge-
426 2902 3397 3084 wöhnliche Polarität zwischen Mann und Frau existiere z wischen ihnen nicht
414 2992 3551 3218 die Spur einer erotischen Atmosphäre- und heute kommt Dr. D. wieder zu mir und
403 3156 3561 3358 behauptet A. wolle nur Freundschaft volle Freiheit und keinerlei Verpflichtung
404 3263 3514 3470 eine Rechenschaft abzulegen. D. behauptet auch A. habe gesagt, wenn ich in s
408 3404 3356 3637 sein Privat-Leben einzugreifen versuchen sollte, bringt er sich um. Ja
396 3506 3340 3746 wenn ihm das so wichtig ist, warum giebt er mich denn dann nicht auf -
383 3647 3383 3850 Das Alles ist doch garnichtmehr zu verstehen. Warum hält man mich? Was will
388 3785 3378 3994 man von mir? -- Dr. D. sagt ich stehe A. am nächsten, er wolle nicht auf
393 3935 3531 4155 mich verzichten und ich müsse in diesen Tagen gesehen haben was ich A. bedeu¬
375 4069 3488 4259 te. A. sei krank und diese Conflikte richten ihn zu Grunde. Mein Gott wer sah
375 4167 2252 4361 schafft sie denn? Das wissen endlich wissens.
379 4281 3518 4522 Was bleibt mir übrig als kuschen. D. hat mir abgepresst, dass ich A. vorschla-
365 4404 3545 4607 gen soll, dass auch ich keine Rechenschaft mehr ablegen werden und tun kan
