3771 4723
665 253 1368 524 Tgb. 27.10.1930.
699 534 3452 691 28.10. Abend Alma, Werfel, Egon,Emmy, Hofrätin 2. und A. zum Nachtmahl
675 683 3360 793 bei mir. Es hätte so hübsch und anregend sein können, aber A. hatte
659 799 3350 962 Kopfweh und immerfort fielen ihm die Augen zu. - Das Essen warçsehr
668 974 3192 1084 gut, der Tisch sehr hübsch, mit Weinlaub in Herbsttönen. Schade.
671 1079 3317 1227 29.10. Kaltes Restlessen, A. bei mir. Vorher Kino. (Gottlob stummer
705 1204 3378 1334 Film). A. recht gemütlich. Heute heiratet Heini in Berlin die Ruth
663 1311 3330 1507 Albu. Wir tranken auf ihr Wohl. Hoffentlich wird es eine gute Ehe.
659 1486 3389 1590 Vormittag am Friedhof. Vom Grab der Eltern lief ein Marienkäfer auf
655 1582 1055 1732 mich zu.
660 1725 3338 1881 30.10. Abend bei Anna mit Robert Eisler, der als Bub viel in unserm
663 1850 3375 1994 Elternhaus war und jetzt Professor an der Sorbonne in Paris ist, hat
651 1986 2736 2123 hier über eine Weltsanierungsidee Vortrag gehalten.
656 2120 3338 2261 31.10. Mit A. im Kino. Sehr langweiliger Film und der ganze Abend
652 2225 1078 2358 trübselig.
641 2353 3418 2541 1.11. Gestern sehr liebenswürdige Absage von Wildgans und Wohlgemuth
681 2489 1406 2639 wegen der "Dame".
634 2660 3393 2799 2.11. Gestern Nachmittag bei Clara Hatvany, die besser aussieht. Dann
607 2784 3441 2952 mit A. Theater a. d. Wien. "Land des Lächelns" von Lehar. Sehr Puocini.
614 2884 3388 3077 Aber suggestiv und Tauber ausgezeichnet. Nachher Weingartel genacht-
627 3028 3386 3209 mahlt. Die Musik hat mich enerviert, aber A. merkt nichts.- Im ganzen
633 3156 1072 3279 gemütlich.
625 3302 3353 3454 3.11. Mittag bei A. Recht stimmungslos. A. fährt nähteste Woche nach
622 3398 2380 3552 Berlin. Mir viel lieber als zu Weihnachten.
615 3533 3372 3725 4.11. Mein Schlafmittel ausgegangen, daher schlaflos. Um 1/4 6 in der
615 3659 3405 3851 Früh gebadet, dann an der Novelle geschrieben. Anruf von Fräulein Mizi
601 3811 3212 3971 Friedmann im Auftrag von Erwin Weil, ob ich mein Stück "Dame" für
621 3948 3508 4119 eine einmalige Aufführung in der Komödie hergeben würde. Ich lehnte dann
609 4082 3403 4219 dankend ab. Ich habe bei Gisela Berger gesehen, dass man sich mit sol-
611 4206 3370 4391 chen Aufführungen nur schadet. Mittag Cary, Magdi. Nachmittag Diktat
599 4323 916 4494 Frieda.
3574 96 3706 282 107
