3786 4691
2132 337 2869 507 Berlin, 18.3.1929.
2109 466 2795 599 Hotel Esplanade.
620 565 3397 704 Mein Liebes, ich habe Dir gestern Früh nur einen flüchtigen Gruss ge-
633 669 3503 849 sandt und berichte nun das Nähere, wie der Sonntag verlief. Am Vormittag
622 845 3416 970 war ein echtes Frühlingswetter, durch den Tiergarten zu Viki und Mimi,
619 944 3417 1061 die beide einigermassen Patienten sind; anderthalbstündiges Gespräch,
625 1083 3506 1232 über Eleefilm und Bühnenangelegenheiten, Tempo, Jakob, X-Lothar (sie waren
627 1176 3378 1338 durch Emmy W. unterrichtet), Journalismus, Betrieb, Eitelkeiten u.a. Zu
615 1338 3335 1509 Fischers Grunewald Mittag essen. Dort O., Heini, Jakob (ohne Martha),
646 1478 3383 1609 Kellermann, Hermann, - die Elisabeth.Die Angelegenheit Strnad; - die Un-
611 1611 3409 1755 begreiflichkeit meines Plans, ja sein ganzes Verhalten xxxzüg verzögert
604 1728 3420 1897 wohl die Angelegenheit; doch bleibt E. ehrlich entschlossen (absolut?
616 1874 3406 1985 entschlossen!) und sie wird, will ihre Frühjahrareise nicht früher an-
621 2011 3480 2161 treten, als wir hier zu einem Abschluss gelangt sind. Sollte Strnad mei-
612 2119 3368 2240 nen Vorschlag oder meine Anregung die Masse zu ändern zustimmen - so
3138 2229 3441 2333 spricht
611 2274 3402 2424 müssten wir das heute oder morgen erfahren; in jedem Falle aber xxx
614 2389 3355 2537 sie xxxxx xxx noch vorher mit dem schon öfters erwähnten Neppach,
617 2493 3445 2668 der - angeblich einen fertigen Plan zur Elise ausgearbeitet hat - womit
654 2648 3377 2806 wir übrigens in keinem Fall an Barnowsky gebunden wären; wieder nach
609 2759 3436 2930 wie vor frei entscheiden könnten. Samstag hatte sie mit Klein gespro-
614 2917 3484 3037 chen, so dass uns Reinhardt-Barnowsky-Klein zur Wahl stünden. Mit diesem
576 3032 3199 3194 letzteren kämen wir gewiss am geschwindesten zu einem Resultat; -
604 3165 3323 3319 er ist klug und - nach allgemeinem Urtheil - der verlässlichste. Du
584 3294 3440 3409 begreifst, dass ich nach meinen bisherigen Erfahrungen inder
622 3421 3425 3575 Sache mich nicht zu prophezeien getraue - und es ist gar nicht unmög-
636 3569 3449 3706 lich, dass ich unverrichteter Dinge nach Wien zurückfahren muss; jeden-
586 3694 3395 3847 falls, was an mir liegt, so werd ich alles dransetzen, dass wir vor Ende
565 3827 3411 3994 dieser Woche zu einem Ende kommen. Ich bitte Dich Liebes - werde nicht
589 3987 3499 4152 ungeduldig - Du hast ja einen Einblick und siehst, mit welchen sachlichen
590 4098 3342 4251 und persönlichen Schwierigkeiten man zu kämpfen hat. Reise ich jetzt
622 4221 3259 4408 (vor Erledigung) ab, so stelle ich damit das Ganze wieder in Frage.
3527 143 3681 283 213
