3690 4703
581 315 1285 475 An A.S.,Venedig.
2038 322 3452 479 Wien, 24.4.1927.Sonntag Nachmittag.
546 562 1082 728 Mein Liebes,
1043 741 3452 877 ich beginne diesen Brief, werde ihn aber kaum heute abschik-
556 878 3452 1011 ken, denn erstens ist Sonntag und zweitens bin ich nicht sehr schreibse-
563 981 769 1132 lig.
1034 1094 3312 1272 Heute Vormittag um 11 Uhr kam Dein liebes Expressbericht
551 1244 3473 1406 von Freitag. Ich bin sehr froh, dass Deine Venezianer Eindrücke so durch-
553 1387 3303 1512 aus gute sind und Du an Arnoldo C. immer mehr Gefallen findest.
1026 1528 3386 1635 Um Dein Venezianer Zimmer beneide ich Dich aber gar nicht.
522 1602 3299 1805 Als Szenariumfür einen Kriminalfilm herrlich, aber zum Wohnen ist mir
522 1795 3474 1940 ein elegantes Hotelzimmer schon lieber oder auch eine einfache ländliche
531 1890 1665 2018 Stube mit schöner Aussicht.
1019 2020 3359 2183 Ich hatte heute eine recht böse Nacht. Die Schmerzen sind
612 2150 3380 2318 besser, aber dafür bin ich mit den Nerven vollkommen fertig. Ich habe
535 2273 3414 2479 dreimal Schlafmittel genommen, ehe ich einschlafen konnte. Der Morgen
530 2417 1088 2531 graute schon.
1009 2559 2413 2701 Zu Tisch waren Hery und Kary hier.
996 2704 3311 2824 Heute Vormittag rief ich Frau Kl. bei Dir draussen an, um
528 2828 3154 2975 die Adresse der Frau Rabelbauer zu erbitten. Sie sagte bei der Ge-
3212 2865 3368 2959 gens
518 2940 3279 3087 heit, Du hättest ihr gesagt, ich käme einmal hinaus und sie freue sich
514 3064 3258 3241 darauf darauf, fügte aber gleich hinzu, dass die 0. bisher jeden Tag da
524 3195 3403 3382 war, sich in alles hinein mischt, Anordnungen trifft und sogar Deine ein-
525 3342 3414 3478 gelaufene Post sehen wollte. Frau K. sagte ihr, sie hätte sie schon abge-
521 3440 3394 3611 schickt. Du siehst, mein Kind, dass Deine Darstellung oder Auffassung, sie
511 3585 3396 3760 käme nur ihrer Tochter wegen ins Haus - vollkommen irrig ist. Ich finde
508 3727 3380 3895 ihr Vorgehen so schamlos, dass ich überhaupt kaum darüber sprechen kann.
505 3826 3355 4012 Es ist ja sicher nicht sehr richtig von Frau K. mir diese Mitteilungen
539 3972 3349 4134 zu machen, da ich sie ja nach gar nichts gefragt habe. Aber sie schien
485 4110 3346 4264 bis zum Rand erfüllt von Empörung und hoffte wohl in mir eine verständ-
3479 120 3562 295 8
