3759 4694
702 192 790 320 3
749 348 1469 503 Wien 22 Okt - 1927
584 447 3549 620 ist es noch wahr, das du mich liebst, dann ist es unmöglich dass du die
586 584 3546 730 se Zeilen als eine Forderung ansiehst alss eine Einschränkung deiner Frei-
587 758 3559 876 heit, sondern als etwas Selbstverständliches was ich hier vorgeschlagen
589 869 3476 1005 habe. Empfindest du es so - dann sag mir einfach - "komm" und ich werde
577 1017 3449 1195 morgen abend bei dir sein und wir wollen kein Wort mehr über das Alles
594 1173 1755 1312 sprechen sondern uns freuen¬
604 1235 3454 1402 Denkst und fühlst du anders, dann ist ja doch alles alles umsonst und
600 1425 2459 1546 besser man schweigt und sieht sich nie wieder.
588 1526 3207 1689 Ich bin und bleib bis vier zu Haus. Tu was dein Herz dir sagt.
1593 1647 2489 1821 Deine Clara Katharina
3573 73 3628 213 65
