<?xml version="1.0" encoding="UTF-8" standalone="yes"?>
<PcGts xmlns="http://schema.primaresearch.org/PAGE/gts/pagecontent/2013-07-15" xmlns:xsi="http://www.w3.org/2001/XMLSchema-instance" xsi:schemaLocation="http://schema.primaresearch.org/PAGE/gts/pagecontent/2013-07-15 http://schema.primaresearch.org/PAGE/gts/pagecontent/2013-07-15/pagecontent.xsd">
    <Metadata>
        <Creator>prov=READ-COOP:name=TrHtr:version=0.0.6:model_id=44522:date=25_11_2022_11:53</Creator>
        <Created>2022-11-17T16:35:52.116+01:00</Created>
        <LastChange>2022-11-25T11:53:00.363Z</LastChange>
        <TranskribusMetadata docId="1233893" pageId="50263831" pageNr="610" tsid="105032601" status="IN_PROGRESS" userId="40391" imgUrl="https://files.transkribus.eu/Get?id=LQSFZQXMQMJFCFGFZGQQCPQC&amp;fileType=view" xmlUrl="https://files.transkribus.eu/Get?id=VWKJINKFISLQXADLQDZZOCPW" imageId="41050761"/>
    </Metadata>
    <Page imageFilename="HIN-155550_0610.tif" imageWidth="3787" imageHeight="4687">
        <ReadingOrder>
            <OrderedGroup id="ro_1669749963083" caption="Regions reading order">
                <RegionRefIndexed index="0" regionRef="r1"/>
            </OrderedGroup>
        </ReadingOrder>
        <TextRegion id="r1" custom="readingOrder {index:0;}">
            <Coords points="692,94 692,4285 3653,4285 3653,94"/>
            <TextLine id="r1l1" custom="readingOrder {index:0;}">
                <Coords points="2053,333 2122,357 2164,333 2216,378 2302,340 2399,371 2600,333 2749,389 2804,358 2964,368 2964,278 2760,278 2673,237 2552,271 2396,247 2188,278 2126,226 2053,222"/>
                <Baseline points="2072,333 2115,335 2159,336 2202,337 2246,338 2290,338 2333,339 2377,338 2421,338 2464,338 2508,338 2552,336 2595,336 2639,336 2683,336 2726,336 2770,336 2814,336 2857,337 2901,338 2945,339"/>
                <TextEquiv>
                    <Unicode>16.10.1928. Berlin.</Unicode>
                </TextEquiv>
            </TextLine>
            <TextLine id="r1l2" custom="readingOrder {index:1;}">
                <Coords points="727,513 3237,532 3403,511 3403,404 727,409"/>
                <Baseline points="744,464 876,465 1008,467 1140,468 1272,468 1404,470 1536,470 1668,470 1800,470 1932,470 2065,470 2197,468 2329,468 2461,468 2593,468 2725,468 2857,468 2989,468 3121,468 3253,470 3386,470"/>
                <TextEquiv>
                    <Unicode>Mein Liebes, vor allem bitte ich Dich mach Dir keine Skrupel wegen</Unicode>
                </TextEquiv>
            </TextLine>
            <TextLine id="r1l3" custom="readingOrder {index:2;}">
                <Coords points="699,634 2752,608 3008,681 3265,612 3195,519 699,523"/>
                <Baseline points="716,596 842,596 969,597 1095,599 1222,599 1349,599 1475,600 1602,600 1728,600 1855,600 1982,600 2108,600 2235,600 2361,600 2488,600 2615,600 2741,600 2868,599 2994,599 3121,599 3248,599"/>
                <TextEquiv>
                    <Unicode>der Wohnung: auch wenn ich sie in diesen Tagen nicht sehe - ich</Unicode>
                </TextEquiv>
            </TextLine>
            <TextLine id="r1l4" custom="readingOrder {index:3;}">
                <Coords points="696,769 3054,769 3317,662 696,668"/>
                <Baseline points="713,726 842,728 971,728 1100,729 1230,729 1359,729 1488,729 1618,731 1747,731 1876,729 2006,729 2135,729 2264,729 2393,729 2523,729 2652,729 2781,729 2911,729 3040,729 3169,729 3299,729"/>
                <TextEquiv>
                    <Unicode>trau Deinem Geschmack und Deinem Verstand so vollkommen, dass ich</Unicode>
                </TextEquiv>
            </TextLine>
            <TextLine id="r1l5" custom="readingOrder {index:4;}">
                <Coords points="681,908 3455,872 3455,768 682,769"/>
                <Baseline points="699,857 843,858 987,858 1131,858 1275,860 1419,860 1563,860 1708,860 1852,861 1996,861 2140,861 2284,861 2428,861 2573,861 2717,861 2861,861 3005,860 3149,860 3293,860 3438,858"/>
                <TextEquiv>
                    <Unicode>einen Fehlgriff für ausgeschlossen halte, wenn Duselbst Gefallen fin-</Unicode>
                </TextEquiv>
            </TextLine>
            <TextLine id="r1l6" custom="readingOrder {index:5;}">
                <Coords points="693,1014 3328,1021 3428,1010 3428,869 2805,952 693,907"/>
                <Baseline points="710,989 845,989 980,989 1115,990 1250,990 1385,990 1520,990 1655,992 1790,992 1925,992 2060,992 2195,992 2330,992 2465,992 2600,992 2735,992 2870,990 3005,990 3140,989 3275,987 3410,986"/>
                <TextEquiv>
                    <Unicode>dest. Und ich halte das Risiko nicht einmal für gross, wenn sich ir-</Unicode>
                </TextEquiv>
            </TextLine>
            <TextLine id="r1l7" custom="readingOrder {index:6;}">
                <Coords points="695,1157 3427,1131 3015,1020 2928,1089 695,1039"/>
                <Baseline points="713,1119 847,1121 982,1121 1117,1121 1252,1122 1386,1122 1521,1122 1656,1122 1791,1122 1925,1122 2060,1122 2195,1124 2330,1124 2464,1124 2599,1124 2734,1124 2869,1122 3003,1122 3138,1122 3273,1122 3408,1122"/>
                <TextEquiv>
                    <Unicode>gend welche Schäden nachträglich herausstellen wollten. (Wie sollte</Unicode>
                </TextEquiv>
            </TextLine>
            <TextLine id="r1l8" custom="readingOrder {index:7;}">
                <Coords points="698,1292 3499,1264 3479,1157 698,1154"/>
                <Baseline points="714,1245 852,1247 990,1248 1129,1250 1267,1250 1406,1251 1544,1251 1683,1251 1821,1251 1960,1251 2098,1251 2236,1251 2375,1251 2513,1251 2652,1251 2790,1251 2929,1251 3067,1251 3206,1251 3344,1251 3483,1251"/>
                <TextEquiv>
                    <Unicode>das übrigens möglich sein?) Denn diese Wohnung würde man dann</Unicode>
                </TextEquiv>
            </TextLine>
            <TextLine id="r1l9" custom="readingOrder {index:8;}">
                <Coords points="698,1420 3263,1444 3495,1424 3496,1313 698,1292"/>
                <Baseline points="714,1377 852,1377 990,1379 1128,1380 1266,1380 1404,1382 1542,1382 1681,1382 1819,1382 1957,1382 2095,1382 2233,1382 2371,1382 2509,1382 2648,1382 2786,1382 2924,1382 3062,1382 3200,1382 3338,1382 3477,1380"/>
                <TextEquiv>
                    <Unicode>loskriegen - auch gegen eine in der gleichen Gegend. Durch den Archi-</Unicode>
                </TextEquiv>
            </TextLine>
            <TextLine id="r1l10" custom="readingOrder {index:9;}">
                <Coords points="703,1541 3428,1528 3071,1417 703,1458"/>
                <Baseline points="719,1508 853,1509 988,1511 1122,1511 1257,1512 1392,1512 1526,1514 1661,1514 1795,1514 1930,1514 2065,1514 2199,1514 2334,1512 2468,1512 2603,1512 2738,1512 2872,1512 3007,1512 3141,1511 3276,1511 3411,1511"/>
                <TextEquiv>
                    <Unicode>tekten Siebert hat man ja jetzt schon einen Ueberblick. Das wesent-</Unicode>
                </TextEquiv>
            </TextLine>
            <TextLine id="r1l11" custom="readingOrder {index:10;}">
                <Coords points="694,1684 3000,1728 3426,1670 3461,1555 694,1590"/>
                <Baseline points="713,1638 849,1639 986,1640 1122,1641 1259,1641 1395,1643 1532,1643 1668,1643 1805,1643 1941,1643 2078,1643 2215,1643 2351,1643 2488,1643 2624,1643 2761,1643 2897,1643 3034,1643 3170,1643 3307,1643 3444,1643"/>
                <TextEquiv>
                    <Unicode>liche ist, dass Du eine hübsche kleine Wohnung für Dich allein - und</Unicode>
                </TextEquiv>
            </TextLine>
            <TextLine id="r1l12" custom="readingOrder {index:11;}">
                <Coords points="695,1802 3413,1836 3413,1712 3137,1676 695,1719"/>
                <Baseline points="714,1769 848,1770 982,1770 1116,1772 1250,1772 1384,1773 1518,1773 1652,1773 1786,1775 1920,1775 2055,1775 2189,1776 2323,1776 2457,1776 2591,1776 2725,1776 2859,1776 2993,1776 3127,1776 3261,1775 3396,1775"/>
                <TextEquiv>
                    <Unicode>eine für uns in günstigster Lage hast; - dagegen fallen auch die für</Unicode>
                </TextEquiv>
            </TextLine>
            <TextLine id="r1l13" custom="readingOrder {index:12;}">
                <Coords points="684,1948 3429,1973 3451,1827 684,1806"/>
                <Baseline points="701,1901 837,1901 974,1902 1110,1902 1247,1902 1384,1903 1520,1904 1657,1904 1794,1904 1930,1905 2067,1905 2204,1905 2340,1905 2477,1905 2614,1907 2750,1907 2887,1907 3024,1907 3160,1908 3297,1908 3434,1908"/>
                <TextEquiv>
                    <Unicode>Dich sehr begreiflichen Gefühlsmomente nicht ins Gewicht, umso xxx</Unicode>
                </TextEquiv>
            </TextLine>
            <TextLine id="r1l14" custom="readingOrder {index:13;}">
                <Coords points="1347,1979 1471,1989 1513,1972 1655,1979 1686,1996 1703,1979 1772,1991 1774,1922 1715,1910 1684,1924 1642,1912 1486,1923 1428,1908 1348,1921"/>
                <Baseline points="1364,1967 1390,1965 1416,1965 1442,1965 1468,1966 1494,1967 1520,1967 1546,1968 1572,1968 1598,1970 1624,1970 1650,1971 1676,1971 1702,1971 1728,1971 1754,1971"/>
                <TextEquiv>
                    <Unicode>wahrhaftig</Unicode>
                </TextEquiv>
            </TextLine>
            <TextLine id="r1l15" custom="readingOrder {index:14;}">
                <Coords points="742,2042 1188,2109 3394,2053 3394,1960 742,1938"/>
                <Baseline points="758,2028 888,2030 1019,2031 1150,2033 1281,2034 1412,2034 1543,2036 1673,2036 1804,2036 1935,2036 2066,2037 2197,2037 2328,2037 2459,2037 2589,2037 2720,2037 2851,2037 2982,2037 3113,2039 3244,2039 3375,2039"/>
                <TextEquiv>
                    <Unicode>mehr als es jach nicht die gleiche Wohnung ist, in der Du</Unicode>
                </TextEquiv>
            </TextLine>
            <TextLine id="r1l16" custom="readingOrder {index:15;}">
                <Coords points="738,2187 3124,2215 3429,2122 738,2128"/>
                <Baseline points="755,2162 887,2162 1020,2163 1153,2163 1286,2163 1419,2165 1551,2165 1684,2165 1817,2166 1950,2166 2083,2166 2215,2167 2348,2168 2481,2168 2614,2168 2747,2168 2879,2168 3012,2169 3145,2169 3278,2169 3411,2169"/>
                <TextEquiv>
                    <Unicode>als Kind gelebt hast; -und die späteren Jahre nicht durchaus schöne</Unicode>
                </TextEquiv>
            </TextLine>
            <TextLine id="r1l17" custom="readingOrder {index:16;}">
                <Coords points="739,2361 3402,2381 3437,2236 739,2233"/>
                <Baseline points="755,2292 888,2292 1021,2293 1154,2294 1287,2294 1421,2295 1554,2295 1687,2297 1820,2297 1953,2297 2087,2298 2220,2298 2353,2299 2486,2300 2619,2300 2752,2300 2886,2301 3019,2301 3152,2301 3285,2301 3419,2301"/>
                <TextEquiv>
                    <Unicode>Erinnerungen für Dich enthalten. Heute kommt wohl ein Brief von Dir</Unicode>
                </TextEquiv>
            </TextLine>
            <TextLine id="r1l18" custom="readingOrder {index:17;}">
                <Coords points="696,2434 3227,2478 3353,2358 697,2337"/>
                <Baseline points="713,2417 844,2418 975,2420 1106,2421 1237,2421 1368,2423 1499,2424 1631,2424 1762,2426 1893,2426 2024,2427 2155,2427 2286,2427 2417,2428 2549,2429 2680,2429 2811,2429 2942,2429 3073,2427 3204,2427 3336,2427"/>
                <TextEquiv>
                    <Unicode>mit definitiven Mitteilungen. Meine Heimreise von hier wird zwi-</Unicode>
                </TextEquiv>
            </TextLine>
            <TextLine id="r1l19" custom="readingOrder {index:18;}">
                <Coords points="711,2568 3363,2568 3322,2474 711,2478"/>
                <Baseline points="728,2550 865,2550 1003,2552 1141,2552 1279,2553 1417,2553 1555,2555 1692,2555 1830,2556 1968,2556 2106,2558 2244,2558 2382,2558 2519,2559 2657,2559 2795,2559 2933,2559 3071,2559 3209,2559 3347,2558"/>
                <TextEquiv>
                    <Unicode>schen Samstag und Montag stattfinden - wobei ich keineswegs über-</Unicode>
                </TextEquiv>
            </TextLine>
            <TextLine id="r1l20" custom="readingOrder {index:19;}">
                <Coords points="736,2707 3167,2732 3329,2716 3378,2612 736,2628"/>
                <Baseline points="755,2681 885,2681 1015,2681 1146,2682 1276,2682 1406,2684 1537,2685 1667,2685 1797,2687 1928,2687 2058,2688 2188,2688 2319,2690 2449,2690 2579,2691 2710,2691 2840,2691 2970,2691 3101,2690 3231,2690 3362,2688"/>
                <TextEquiv>
                    <Unicode>zeugt bin, dass ich bis dahin irgend etwas Bindendes mit den Film-</Unicode>
                </TextEquiv>
            </TextLine>
            <TextLine id="r1l21" custom="readingOrder {index:20;}">
                <Coords points="730,2835 3393,2849 3393,2759 2690,2725 730,2742"/>
                <Baseline points="746,2813 877,2813 1008,2813 1140,2814 1271,2814 1403,2814 1534,2816 1665,2816 1797,2817 1928,2817 2060,2819 2191,2819 2322,2820 2454,2820 2585,2820 2717,2820 2848,2822 2979,2822 3111,2822 3242,2820 3374,2820"/>
                <TextEquiv>
                    <Unicode>leuten abgemacht haben werde. Sie wollen sich eben nicht binden -</Unicode>
                </TextEquiv>
            </TextLine>
            <TextLine id="r1l22" custom="readingOrder {index:21;}">
                <Coords points="676,2985 3134,3009 3332,2982 3333,2868 677,2874"/>
                <Baseline points="692,2936 823,2939 954,2940 1085,2942 1216,2943 1347,2945 1478,2946 1609,2946 1740,2946 1871,2948 2003,2948 2134,2948 2265,2948 2396,2949 2527,2949 2658,2949 2789,2951 2920,2951 3051,2952 3182,2954 3314,2955"/>
                <TextEquiv>
                    <Unicode>Wie x- oder wie Dr.Bermann sagt, sie wollen zu Reklamzwecken zwar</Unicode>
                </TextEquiv>
            </TextLine>
            <TextLine id="line_1668773114013_4640" custom="readingOrder {index:22;}">
                <Coords points="704,3102 3155,3140 3328,3096 3329,2992 704,3005"/>
                <Baseline points="722,3071 751,3072 781,3072 810,3073 840,3074 870,3074 899,3074 929,3074 958,3074 988,3074 1018,3074 1047,3074 1077,3074 1106,3072 1136,3072 1166,3072 1195,3072 1225,3072 1254,3073 1284,3074 1314,3074 1458,3071 1550,3072 1643,3074 1736,3075 1828,3075 1921,3077 2014,3077 2106,3077 2199,3078 2292,3078 2385,3078 2477,3078 2570,3078 2663,3080 2755,3080 2848,3080 2941,3080 3033,3081 3126,3081 3219,3083 3312,3083"/>
                <TextEquiv>
                    <Unicode>einen grossen Namen haben, aber möglichst billig. Das Aufschieben</Unicode>
                </TextEquiv>
            </TextLine>
            <TextLine id="line_1668773119437_4645" custom="readingOrder {index:23;}">
                <Coords points="706,3265 3331,3245 3193,3130 707,3157"/>
                <Baseline points="722,3203 748,3203 774,3204 800,3204 826,3204 853,3206 879,3206 905,3206 931,3206 957,3206 984,3206 1010,3206 1036,3206 1062,3206 1088,3206 1115,3206 1141,3204 1167,3204 1193,3204 1220,3204 1797,3203 1872,3204 1948,3206 2024,3206 2100,3207 2175,3208 2251,3209 2327,3209 2403,3210 2478,3210 2554,3210 2630,3210 2706,3210 2781,3212 2857,3212 2933,3212 3009,3212 3084,3213 3160,3213 3236,3215 3312,3215"/>
                <TextEquiv>
                    <Unicode>geschieht ja mit offenbarer Absicht. Für heute Dienstag war eine</Unicode>
                </TextEquiv>
            </TextLine>
            <TextLine id="line_1668773124412_4651" custom="readingOrder {index:24;}">
                <Coords points="693,3341 3452,3390 3452,3290 3311,3241 693,3283"/>
                <Baseline points="711,3332 743,3332 775,3332 808,3332 840,3332 873,3332 905,3332 937,3333 970,3333 1002,3333 1035,3333 1067,3335 1099,3335 1132,3335 1164,3335 1197,3336 1229,3336 1261,3336 1294,3336 1326,3336 1359,3336 1785,3336 1816,3336 1848,3342 2190,3338 2252,3339 2314,3341 2376,3341 2438,3342 2501,3342 2563,3342 2625,3342 2687,3344 2749,3344 2812,3344 2874,3344 2936,3344 2998,3344 3060,3344 3123,3344 3185,3344 3247,3345 3309,3345 3371,3345 3434,3345"/>
                <TextEquiv>
                    <Unicode>Conferenz schon vorigen Freitag angesetzt; gestern Vormittag war ich</Unicode>
                </TextEquiv>
            </TextLine>
            <TextLine id="line_1668773129500_4656" custom="readingOrder {index:25;}">
                <Coords points="693,3508 2649,3544 3418,3507 3418,3417 693,3418"/>
                <Baseline points="710,3459 737,3460 764,3461 791,3462 819,3462 846,3464 873,3464 901,3464 928,3464 955,3465 983,3465 1010,3465 1037,3464 1065,3464 1092,3464 1119,3464 1147,3464 1174,3464 1201,3462 1229,3462 2151,3471 2213,3471 2275,3470 2338,3471 2400,3471 2463,3471 2525,3471 2587,3473 2650,3473 2712,3474 2775,3474 2837,3475 2899,3476 2962,3476 3024,3476 3087,3476 3149,3476 3211,3476 3274,3474 3336,3474 3399,3473"/>
                <TextEquiv>
                    <Unicode>im Bureau und fragte Herrn Kohner, ob man sich (da Spiel im Morgen-</Unicode>
                </TextEquiv>
            </TextLine>
            <TextLine id="line_1668773134492_4662" custom="readingOrder {index:26;}">
                <Coords points="701,3639 2515,3676 2841,3592 3288,3670 3288,3542 3174,3510 702,3508"/>
                <Baseline points="720,3590 746,3593 773,3593 799,3594 826,3595 852,3596 879,3596 905,3596 932,3596 958,3596 985,3594 1011,3594 1038,3594 1064,3594 1091,3594 1118,3594 1283,3590 1309,3594 1336,3596 1363,3597 1390,3599 1417,3597 1443,3596 1470,3596 1497,3595 1524,3594 1551,3594 2024,3600 2086,3602 2148,3602 2210,3603 2273,3603 2335,3603 2397,3603 2459,3603 2522,3602 2584,3602 2646,3602 2708,3602 2771,3602 2833,3602 2895,3602 2957,3602 3020,3603 3082,3604 3144,3605 3206,3606 3269,3608"/>
                <TextEquiv>
                    <Unicode>grauen wegfällt) zu etwas anderem entschlossen habe; - angeblich</Unicode>
                </TextEquiv>
            </TextLine>
            <TextLine id="r1l36" custom="readingOrder {index:27;}">
                <Coords points="693,3754 3075,3800 3453,3751 3454,3636 694,3661"/>
                <Baseline points="711,3722 847,3722 983,3723 1119,3725 1255,3725 1392,3726 1528,3728 1664,3728 1800,3729 1936,3730 2073,3731 2209,3732 2345,3734 2481,3734 2617,3735 2753,3735 2890,3735 3026,3737 3162,3737 3298,3737 3435,3737"/>
                <TextEquiv>
                    <Unicode>denken sie an Casanovas Heimfahrt; - Herr Biro, ihr Dramaturg, beschäf-</Unicode>
                </TextEquiv>
            </TextLine>
            <TextLine id="r1l37" custom="readingOrder {index:28;}">
                <Coords points="1381,3810 1440,3812 1464,3799 1485,3813 1509,3803 1551,3805 1552,3739 1518,3745 1504,3737 1486,3751 1476,3740 1459,3740 1448,3750 1414,3742 1382,3745"/>
                <Baseline points="1400,3789 1427,3791 1454,3792 1481,3792 1508,3794 1535,3792"/>
                <TextEquiv>
                    <Unicode>noch</Unicode>
                </TextEquiv>
            </TextLine>
            <TextLine id="r1l38" custom="readingOrder {index:29;}">
                <Coords points="736,3862 3226,3917 3365,3831 737,3793"/>
                <Baseline points="755,3854 884,3854 1014,3855 1143,3855 1273,3857 1403,3857 1532,3858 1662,3858 1791,3860 1921,3861 2051,3861 2180,3863 2310,3863 2439,3864 2569,3865 2699,3866 2828,3867 2958,3867 3087,3869 3217,3869 3347,3870"/>
                <TextEquiv>
                    <Unicode>tigt sich immer mit der Lektüre meiner Werke. Ich schlug ihm</Unicode>
                </TextEquiv>
            </TextLine>
            <TextLine id="r1l39" custom="readingOrder {index:30;}">
                <Coords points="699,4002 3368,4049 3369,3928 699,3919"/>
                <Baseline points="716,3984 847,3986 979,3986 1111,3987 1242,3987 1374,3989 1506,3989 1637,3990 1769,3990 1901,3990 2033,3992 2164,3992 2296,3992 2428,3993 2559,3993 2691,3993 2823,3995 2954,3995 3086,3996 3218,3996 3350,3998"/>
                <TextEquiv>
                    <Unicode>gestern u.a. Hirtenflöte, Traumnovelle, Kakadu vor -bei aller Vereh-</Unicode>
                </TextEquiv>
            </TextLine>
            <TextLine id="r1l40" custom="readingOrder {index:31;}">
                <Coords points="694,4130 3463,4201 3492,4055 694,4060"/>
                <Baseline points="710,4113 848,4115 986,4118 1124,4119 1262,4121 1401,4122 1539,4124 1677,4125 1815,4127 1953,4127 2092,4128 2230,4128 2368,4130 2506,4130 2644,4131 2783,4133 2921,4133 3059,4134 3197,4136 3335,4137 3474,4139"/>
                <TextEquiv>
                    <Unicode>rung für mich - hat er die Sachen noch immer nicht von neuem gelesen.</Unicode>
                </TextEquiv>
            </TextLine>
            <TextLine id="r1l42" custom="readingOrder {index:32;}">
                <Coords points="739,4267 3051,4323 3332,4304 3333,4169 739,4194"/>
                <Baseline points="756,4253 890,4254 1025,4257 1160,4259 1294,4259 1429,4260 1564,4262 1698,4262 1833,4262 1968,4263 2102,4263 2237,4265 2372,4265 2506,4265 2641,4266 2776,4266 2910,4268 3045,4269 3180,4271 3315,4274"/>
                <TextEquiv>
                    <Unicode>Er selbst übrigens findet das Benehmen der Leute (Kohner, Lämmle,</Unicode>
                </TextEquiv>
            </TextLine>
            <TextLine id="r1l43" custom="readingOrder {index:33;}">
                <Coords points="3540,268 3557,267 3564,259 3588,264 3598,253 3619,254 3655,230 3672,228 3662,115 3594,103 3552,135 3528,134"/>
                <Baseline points="3552,204 3577,201 3602,197 3627,197 3653,194"/>
                <TextEquiv>
                    <Unicode>161</Unicode>
                </TextEquiv>
            </TextLine>
            <TextEquiv>
                <Unicode>
































</Unicode>
            </TextEquiv>
        </TextRegion>
    </Page>
</PcGts>
