3690 4670
602 304 1477 472 An A.S. nach Florenz.
2227 325 2882 466 Wien, 14.9.1925.
608 517 1041 644 Liebster,
1023 647 3355 790 Samstag erhielt ich Deinen ersten Brief, heute, als ich von
618 754 3510 933 der Stadt nachhause kam, dein zweites Schreiben vom 12. Ich habe eigent¬
612 925 3455 1052 lich gar nichts zu berichten, denn die Unterhandlungen mit Tapezierern,
609 1047 3463 1194 Zimmerputzern etc., Besuche bei alten Tanten können Dich wenig interes¬
708 1192 3414 1302 sieren. Ausserdem hatte ich beim Zahnarzt zu tun und schau täglich
596 1297 3474 1434 in das Bureau der Neuen Freien Presse. Aber auf 2 Annoncen habe ich im
597 1433 3382 1566 Ganzen zwei unbrauchbare Zuschriften bekommen, was mich einigermassen
691 1555 1184 1675 deprimiert.
1127 1692 3391 1838 Es tut mir auch unendlich leid, dass ich hier heraus ge¬
612 1846 3280 1959 zogen bin, was unter den gegebenen Umständen ganz sinnlos ist. Ich
596 1949 3385 2108 hätte die Absage von Kremer als einen Wink des Himmels ansehen sol¬
602 2074 3420 2235 len; ich friere masslos, sitze allabendlich allein in dem kleinen eis¬
610 2228 3210 2346 kalten Zimmer, muss täglich mit der Elektrischen in die Stadt und
644 2325 3404 2474 frage mich wozu das alles!! Wenn ich mit jemanden telefonieren will,
645 2504 3410 2634 muss ich 2 Stock hinunter und herauf laufen. "Regina" wäre viel bes¬
594 2624 3398 2756 ser gewesen und wenn ich nicht Unannehmlichkeiten mit Kremer befürch¬
566 2725 1723 2861 tete, würde ich davon gehen.
1155 2849 3363 3015 Frieda P. ist auch noch nicht hier, wahrscheinlich war
604 3003 3401 3157 sie rechtzeitig über Deine Reisepläne unterrichtet und bleibt
592 3135 3388 3287 länger fort. So kann ich leider auch nicht diktieren. Du siehst also,
625 3281 3433 3395 dass ich bisher weder etwas Angenehmes noch etwas Heiteres zu berich¬
588 3392 3269 3545 ten habe und nur von Sorgen für die nächste Zeit erfüllt bin. Aber
591 3516 2944 3632 irgendwie werde ich mir schon mein Leben zurechtdeichseln.
1147 3667 3400 3780 Ich danke Dir noch sehr für Deinen lieben Bericht, freue
573 3788 3340 3925 mich, dass Dich der dortige Aufenthalt so vollauf befriedigt und wün¬
580 3918 3344 4067 sche Dir weiter viel Vergnügen und gute Heimkehr. Eine herzliche Um¬
579 4032 1307 4165 armung von Deiner
1347 4176 2031 4309 Clara Katharina.
