3690 4651
601 247 1261 385 An A.S., Berlin.
2014 231 2619 392 Wien, 16.3.1929
608 453 1063 666 Liebster,
1179 642 3414 780 als ich Mittag aus der Stadt kam war Dein zweiter Brief
617 776 3379 899 da und ich komme erst jetzt 9 Uhr Abend dazu ihn zu beantworten. Ich
610 892 3315 1025 habe den Einruck, dass Strnad sich gar nicht darum reisst die "Else"
617 1045 3246 1178 zu machen. Es war doch verabredet, dass er am 14.in Berlin ist und
2138 1126 2644 1226 merkwürdigen
620 1164 3294 1321 dieses Hinausschieben wollen und diese Masse - das sieht
611 1312 3453 1434 doch alles nach Absicht aus. Ich finde, Du solltest auf ihn verzichten.
605 1428 3307 1563 Wenn es bei Reinhardt gemacht wird, musst Du Dir halt auch die Regie
654 1542 3167 1666 von Max Reinhardt sichern, der gewiss das Richtige finden wird.
1139 1693 3399 1809 Ich verstehe wohl nichts von den Dingen, aber ich glaube,
602 1823 3413 1979 es müsste mit einer Mischung von Drehbühne und Laterna magica gemacht
619 1954 3251 2053 werden. Inneneinrichtung, Treppen etc. auf der Drehbühne oder eine
605 2073 3163 2192 Art Ringelspielsystem. Landschaft, Perspektiven,visionen mit der
602 2210 3399 2344 Laterna magica. Erinnerst Du Dich an das fahrende Automobil in "Jonny
612 2338 1131 2485 spielt auf“?
1121 2469 3381 2620 Spieh doch auch mit einem der Berliner Theatermaler, die
600 2628 3376 2747 Heini vorgeschlagen hat. Wer weiss, ob Du Dich nicht besser mit ihnen
616 2750 3258 2881 verständigen würdest als mit Strnad, und sie sind schliesslich an
638 2859 3407 2985 Ort und Stelle. Ich hoffe sehr, dass die Verhandlungen zu einem guten
598 2979 3416 3147 Resultat führen. Konntest Du demklein nicht auch Besetzungsvorschläge
597 3137 2162 3268 für die "Komödie d.Verführung" machen?
1112 3249 3323 3408 Von mir nichts zu erzählen. Gestern Thee bei Lotte M.,
604 3378 3355 3531 heute bei Emmy R. Eines so wenig lustig und anregend wie das andere.
602 3507 3195 3638 Meine Existenz ist wirklich etwas lächerlich und ich habe direkt
605 3659 3286 3803 Lust mich herauszustrampeln, wenn ich nur wüsst, wie ich es anfangen
613 3776 3196 3909 soll. Ich weiss, ich sollte eigentlich sehr zufrieden und dankbar
598 3906 3237 4059 sein, weil es vielen Menschen so schlecht geht, aber es ist noch so
608 4050 3356 4206 viel Sehnsucht, Lebenshunger in mir und Tatkraft oder wie ich es nen-
605 4173 3360 4329 nen soll. Man kann das so schwer in Worten ausdrücken, denn es klingt
3450 112 3599 249 211
