3783 4686
2158 327 2925 519 Berlin, 18.10.1928.
592 545 3419 709 Mein Liebes, ich freue mich, dass die Sache am Ende doch noch nach dem
602 687 3403 846 ennervierenden Ritardando knapp vor Abschluss zu einem guten Ende ge-
597 798 3537 937 diehen ist; Sie in der neuen Wohnung erforderlichen Adaptierungen sind
600 927 3468 1089 ja verhältnismässig nicht bedeutend und speziell was den Badeofen anbe-
2823 1048 2928 1127 das
591 1083 3451 1241 langt, so bitte ich Dich jedenfalls den bessern, wenn auch um 250 teuere
599 1204 3559 1328 System mit der Stichflamme zu nehmen. Nun über all das werden wir ja bald
590 1331 3431 1513 mündlich reden: Montag hoffe ich in Wien zu sein und werde hoffentlich
589 1423 3438 1603 am gleichen Tage nicht nur Dich, sondern auch von Dir geleitet die neue
595 1608 3429 1763 Wohnung sehen. Da bei mir die sentimental-pietätvollen Beziehungen zur
583 1724 3413 1897 Peregringasse wegfallen, bleibt mir nur die einer Befriedigung über den
587 1865 3466 2015 für mich jedesfalls vorteilhaften Tausch, den Du gemacht hast. Also vor-
577 1999 2469 2124 derhand Glückwunsch und einen zärtlichen Kuss.
566 2120 3387 2291 Mit S.F. sprach ich vorgestern im Bureau auch über die Constanze. Er
582 2249 3434 2426 hatte überhaupt keine Ahnung (wie von den meisten Dingen), versprach mir
2470 2350 2810 2437 sammlung
2903 2354 3174 2442 XXE W0
577 2357 3300 2511 aber u.s.w.- In Hinsicht auf die kleine Roman
568 2508 3447 2650 Garlan und R.A.'s Rechte und linke Hand erschinen sind) erklärte er,
603 2638 3563 2808 dass die billigen Bücher wenöglich noch schlechter gingen als die teuern.
608 2747 3368 2909 Maril war nicht da. Ich habe ihm ohnedies heute noch zu sprechen und
570 2885 3497 3067 werde auch über die Constanze das Nötige sagen; und mehr als das. Uebri-
568 3066 3288 3199 gens ist M. noch lässiger als S.F. selbst (der persönlich immer von
2437 3128 3037 3221 Jattin r. P. Fis Ger.
549 3169 3447 3307 gleichor Herzlichkeit bleibt, wie übrigens auch Hedwig. Nicht eine mei-
552 3290 3364 3457 ner Angelegenheiten ist um einen Schritt weiter. Und so wie bei S.F.-
485 3427 3482 3558 überall. Die Filmleute - absolut unfassbar. Sie haben, trotz Versprechens-
560 3566 3367 3712 nicht einmal mehr telefoniert!! Ich soll nur merken, dass sie nicht auf
548 3687 3442 3857 mich warten. Zweifellos werden sie mir gleich nach Wien telegraphieren.
560 3814 3473 3968 Ihre Ausrede wird sein, dass sie morgsam wählen muisten.- Hingegen xxx
552 3920 3363 4101 Kerr anlässlich eines durchgefallenen modernen Stückes für mich ein; -
559 4061 3308 4214 so ungeschickt, dass es mir eher schadet. Statt dass er eines meiner
549 4181 3482 4372 letzten Stücke liest - und darauf hinweist - begnügt er sich
3535 93 3692 263 166
