3787 4667
609 278 1233 433 Tgb. 1.9.1929.
616 487 3383 614 Wundervoller Morgen. Lange Gespräche über Tod, Alter, Nachlass. Schöne
617 603 3438 758 Gespräche, wenn auch traurig. Dann grosse Zärtlichkeit. A. sagt Worte,
613 734 2597 920 die er früher nie gefunden. Es erschüttert mich.
616 908 3475 1078 1.9. Fühle mich physisch nicht sehr wohl und seelisch ermüdet. Angst
620 1056 3427 1203 vor dem Ausklang der Reise. In der Früh wilde Zärtlichkeiten. Er sagt:
649 1197 3423 1334 "Ich habe Dich so besonders lieb." Wie oft habe ich auf solche Worte
622 1315 3440 1457 warten müssen. Jetzt ist das alles da und doch dieses Zusammentreffen
623 1470 1247 1625 mit der O.
630 1597 3368 1743 Kurzer Spaziergang, Gespräch über "Zug der Schatten". Dann Begegnung
622 1732 1191 1853 mit Dr. Wolff.
627 1846 3503 2005 Nachm. etwas an meinem Stück gearbeitet. Stoller Abend, aber sehr schön.
615 2056 3356 2193 2.9. Jetzt packen wir. A. kommt immer zu mir herein und küsst mich.
625 2241 3414 2418 3.9. Territet. Grand Hotel. Vorm. Montreux Plage angezehen, dann nach
623 2382 2023 2505 Montreux Stadt Besorgungen machen.
625 2523 3556 2632 Brief von O. Reise nach Meran zu anstrengend. Sie will auf den Semmering
628 2649 3442 2749 kommen - - Semmering bedeutet Wien. Ein ewiges Hin und Her auf Wochen
625 2757 968 2904 hinaus.
619 2860 3441 3027 A. sehr zärtlich zu mir. Kürzes Gewitter, das etwas abkühlt. "Spiel der
636 3040 3480 3165 Sommerlüfte" in Korrekturbogen gelesen. Wundervoll, wenn ich auch nicht
628 3164 2993 3299 an die grosse Bühnenwirkung glaube. A. jede macht bei mir.
613 3371 3369 3473 Autoausflug nach Genf. Aufenthalt in Ferney beim Schloss Voltaires.
620 3492 3467 3624 Man fühlt seine Atmosphäre. In Genf von einem allzu rasch getrun¬
625 3601 3301 3712 kenen Glas Wermuth einen kleinen Schwips. Mittagessen im Restaurant
623 3752 3445 3883 du Nord. (nicht sehr gut). Wundervolle Heimfahrt über Evian. Ich ziem¬
622 3853 3571 3975 liche Schmerzen in der Galle, trotzdem in schönster zärtlichster Stimmung.
616 3968 3561 4132 Am Abend Schinnerer angekommen. Gemeinsames sehr gemütliches Abendessen.
619 4121 3367 4241 Anruf aus Zürich. Hermine und Paula kommen übermorgen per Auto hier
