<?xml version="1.0" encoding="UTF-8" standalone="yes"?>
<PcGts xmlns="http://schema.primaresearch.org/PAGE/gts/pagecontent/2013-07-15" xmlns:xsi="http://www.w3.org/2001/XMLSchema-instance" xsi:schemaLocation="http://schema.primaresearch.org/PAGE/gts/pagecontent/2013-07-15 http://schema.primaresearch.org/PAGE/gts/pagecontent/2013-07-15/pagecontent.xsd">
    <Metadata>
        <Creator>prov=READ-COOP:name=TrHtr:version=0.0.6:model_id=44522:date=25_11_2022_11:51</Creator>
        <Created>2022-11-17T16:34:50.568+01:00</Created>
        <LastChange>2022-11-28T22:40:43.813+01:00</LastChange>
        <TranskribusMetadata docId="1233893" pageId="50262135" pageNr="279" tsid="105268945" status="IN_PROGRESS" userId="40391" imgUrl="https://files.transkribus.eu/Get?id=ZPUSKQBREWRGCAEAOVJRMTNZ&amp;fileType=view" xmlUrl="https://files.transkribus.eu/Get?id=SYIPCLBKSDUILNOYFHRXXTNK" imageId="41049677"/>
    </Metadata>
    <Page imageFilename="HIN-155550_0279.tif" imageWidth="3759" imageHeight="4658">
        <ReadingOrder>
            <OrderedGroup id="ro_1670241784599" caption="Regions reading order">
                <RegionRefIndexed index="0" regionRef="r1"/>
            </OrderedGroup>
        </ReadingOrder>
        <TextRegion id="r1" custom="readingOrder {index:0;}">
            <Coords points="579,98 579,3993 3536,3993 3536,98"/>
            <TextLine id="line_1668764024603_240" custom="readingOrder {index:0;} date {offset:25; length:8;}">
                <Coords points="1949,374 2800,376 2960,417 3300,375 3258,252 3019,253 2868,321 1947,269"/>
                <Baseline points="1967,402 1993,401 2020,401 2046,399 2073,399 2099,399 2126,398 2153,398 2179,396 2206,395 2232,394 2259,390 2285,386 2312,381 2339,377 2376,377 2404,386 2433,398 2462,405 2406,374 2449,374 2493,374 2537,374 2581,374 2625,375 2668,375 2712,375 2756,375 2800,375 2844,375 2887,375 2931,377 2975,377 3019,377 3063,377 3106,377 3150,378 3194,378 3238,378 3282,378"/>
                <TextEquiv>
                    <Unicode>Berlin, Hotel Esplanade, 13.10.25.</Unicode>
                </TextEquiv>
            </TextLine>
            <TextLine id="r1l4" custom="readingOrder {index:1;}">
                <Coords points="1970,468 2177,437 2292,471 2365,454 2412,490 2524,451 2684,453 2745,497 2850,505 2851,389 2811,378 2771,403 1971,385"/>
                <Baseline points="1989,440 2031,441 2073,441 2115,441 2157,443 2199,443 2241,443 2284,444 2326,444 2368,444 2410,444 2452,444 2494,446 2536,446 2579,446 2621,446 2663,447 2705,447 2747,447 2789,449 2832,449"/>
                <TextEquiv>
                    <Unicode>(nach Wien, Peregring.)</Unicode>
                </TextEquiv>
            </TextLine>
            <TextLine id="line_1668764043827_254" custom="readingOrder {index:2;}">
                <Coords points="592,575 3410,579 3157,473 592,488"/>
                <Baseline points="609,567 674,569 739,569 804,569 869,569 934,569 999,569 1064,569 1129,569 1194,569 1260,569 1325,569 1390,569 1455,569 1520,569 1585,570 1650,570 1715,570 1780,572 1845,572 1911,573 2244,572 2301,573 2358,573 2416,573 2473,575 2531,575 2588,575 2646,576 2703,576 2761,576 2818,578 2875,578 2933,578 2990,578 3048,578 3105,578 3163,578 3220,578 3278,578 3335,576 3393,576"/>
                <TextEquiv>
                    <Unicode>Liebste, nur ein kurzer Morgenbericht über den gestrigen Tag. Telefon¬</Unicode>
                </TextEquiv>
            </TextLine>
            <TextLine id="r1l8" custom="readingOrder {index:3;}">
                <Coords points="606,716 3399,725 2903,593 607,600"/>
                <Baseline points="626,705 763,704 901,702 1039,702 1177,702 1314,702 1452,702 1590,702 1728,704 1865,704 2003,705 2141,707 2279,707 2416,708 2554,710 2692,710 2830,710 2967,710 3105,710 3243,708 3381,707"/>
                <TextEquiv>
                    <Unicode>gespräche, ein kleiner Spaziergang, Kopfschmerzen, Mittag im Hotel. Bar¬</Unicode>
                </TextEquiv>
            </TextLine>
            <TextLine id="r1l9" custom="readingOrder {index:4;}">
                <Coords points="640,855 3096,890 3491,870 3492,776 641,771"/>
                <Baseline points="660,827 800,828 941,830 1081,831 1222,833 1363,833 1503,834 1644,836 1785,836 1925,837 2066,839 2207,839 2347,839 2488,840 2629,840 2769,840 2910,842 3051,842 3191,842 3332,842 3473,842"/>
                <TextEquiv>
                    <Unicode>nowsky. Später Heini. Gespräch, in dem ich meinen Standpunkt präzisier¬</Unicode>
                </TextEquiv>
            </TextLine>
            <TextLine id="r1l10" custom="readingOrder {index:5;}">
                <Coords points="588,960 3410,984 2965,862 589,877"/>
                <Baseline points="606,957 745,959 884,960 1024,962 1163,963 1302,965 1442,965 1581,966 1720,966 1860,968 1999,968 2138,969 2278,969 2417,970 2556,971 2696,971 2835,972 2974,974 3114,974 3253,975 3393,977"/>
                <TextEquiv>
                    <Unicode>te. Die Besetzung stünde so ziemlich fest und ist zum Theil sehr gut.</Unicode>
                </TextEquiv>
            </TextLine>
            <TextLine id="r1l11" custom="readingOrder {index:6;}">
                <Coords points="638,1105 3460,1176 3450,1005 639,1007"/>
                <Baseline points="656,1089 795,1091 934,1092 1073,1094 1213,1095 1352,1095 1491,1097 1630,1098 1770,1098 1909,1098 2048,1100 2187,1100 2327,1100 2466,1101 2605,1101 2744,1103 2884,1103 3023,1104 3162,1106 3301,1107 3441,1109"/>
                <TextEquiv>
                    <Unicode>Den Max werd ich morgen mehn, - ein Herr Alexander. Heut weh ich Abend</Unicode>
                </TextEquiv>
            </TextLine>
            <TextLine id="r1l12" custom="readingOrder {index:7;}">
                <Coords points="635,1244 3273,1267 3295,1177 636,1139"/>
                <Baseline points="654,1217 785,1220 916,1221 1047,1223 1178,1224 1309,1226 1440,1227 1571,1227 1702,1229 1833,1230 1965,1230 2096,1232 2227,1232 2358,1233 2489,1233 2620,1235 2751,1235 2882,1236 3013,1238 3144,1238 3276,1239"/>
                <TextEquiv>
                    <Unicode>die Brod (im Grabbe). B. findet,- wenn nicht Aurelie, so könnt sie,</Unicode>
                </TextEquiv>
            </TextLine>
            <TextLine id="r1l13" custom="readingOrder {index:8;}">
                <Coords points="604,1413 3281,1417 3307,1291 605,1279"/>
                <Baseline points="621,1355 754,1355 887,1355 1021,1356 1154,1356 1288,1356 1421,1358 1555,1359 1688,1359 1822,1361 1955,1361 2088,1362 2222,1364 2355,1364 2489,1365 2622,1365 2756,1367 2889,1367 3023,1367 3156,1368 3290,1368"/>
                <TextEquiv>
                    <Unicode>ja müsste sie Judith spielen. Für Aurelie wäre, so weit man sich auf</Unicode>
                </TextEquiv>
            </TextLine>
            <TextLine id="r1l14" custom="readingOrder {index:9;}">
                <Coords points="570,1545 3312,1525 3313,1416 571,1396"/>
                <Baseline points="588,1476 723,1478 858,1479 993,1481 1129,1484 1264,1484 1399,1485 1534,1487 1670,1488 1805,1490 1940,1490 2075,1491 2211,1493 2346,1494 2481,1494 2616,1496 2752,1496 2887,1497 3022,1499 3157,1499 3293,1500"/>
                <TextEquiv>
                    <Unicode>dentschen Bühnen umschaut - thatsächlich nur Fein - oder Heims da.</Unicode>
                </TextEquiv>
            </TextLine>
            <TextLine id="r1l15" custom="readingOrder {index:10;}">
                <Coords points="625,1617 3276,1674 3198,1546 626,1526"/>
                <Baseline points="645,1607 775,1610 906,1612 1036,1614 1167,1616 1298,1617 1428,1619 1559,1620 1690,1622 1820,1622 1951,1623 2082,1623 2212,1625 2343,1625 2474,1626 2604,1626 2735,1626 2866,1628 2996,1629 3127,1629 3258,1631"/>
                <TextEquiv>
                    <Unicode>Gestern sah ich mir nun abend noch in Shaws Methusalem Frau Hofer</Unicode>
                </TextEquiv>
            </TextLine>
            <TextLine id="r1l16" custom="readingOrder {index:11;}">
                <Coords points="629,1765 3349,1802 3350,1718 3093,1659 630,1685"/>
                <Baseline points="648,1745 782,1746 916,1746 1050,1746 1184,1748 1318,1748 1452,1749 1586,1749 1720,1751 1854,1752 1989,1752 2123,1754 2257,1755 2391,1755 2525,1757 2659,1758 2793,1758 2927,1760 3061,1761 3195,1761 3330,1763"/>
                <TextEquiv>
                    <Unicode>(die geschiedene Gattin Barnowskys) an, die allerlei Qualitäten hat,</Unicode>
                </TextEquiv>
            </TextLine>
            <TextLine id="r1l17" custom="readingOrder {index:12;}">
                <Coords points="595,1888 3319,1921 3273,1794 596,1794"/>
                <Baseline points="612,1871 746,1872 881,1874 1015,1877 1150,1878 1284,1880 1419,1881 1553,1881 1688,1883 1822,1884 1957,1884 2092,1886 2226,1886 2361,1887 2495,1887 2630,1887 2764,1889 2899,1889 3033,1890 3168,1890 3303,1892"/>
                <TextEquiv>
                    <Unicode>aber nicht genug, und nicht die wichtige für Aurelie. Heute nach dem</Unicode>
                </TextEquiv>
            </TextLine>
            <TextLine id="r1l18" custom="readingOrder {index:13;}">
                <Coords points="596,2030 3531,2031 3531,1944 3271,1924 597,1946"/>
                <Baseline points="615,2000 759,2003 904,2005 1049,2007 1194,2009 1339,2010 1484,2012 1628,2013 1773,2015 1918,2015 2063,2016 2208,2018 2353,2018 2498,2019 2642,2019 2787,2021 2932,2021 3077,2022 3222,2024 3367,2024 3512,2025"/>
                <TextEquiv>
                    <Unicode>Theater ausschlaggebende Bewprechung mit B. (der persönlich wie meistens</Unicode>
                </TextEquiv>
            </TextLine>
            <TextLine id="r1l19" custom="readingOrder {index:14;}">
                <Coords points="634,2155 829,2189 971,2162 1010,2188 1090,2152 1391,2170 1529,2135 1530,2048 1414,2029 1265,2078 1055,2054 1000,2082 935,2053 765,2084 635,2032"/>
                <Baseline points="651,2130 693,2132 736,2133 779,2133 822,2135 865,2135 908,2136 951,2136 994,2136 1037,2136 1080,2136 1122,2136 1165,2136 1208,2138 1251,2138 1294,2138 1337,2138 1380,2139 1423,2141 1466,2141 1509,2142"/>
                <TextEquiv>
                    <Unicode>sehr angenehm wirkt).</Unicode>
                </TextEquiv>
            </TextLine>
            <TextLine id="r1l20" custom="readingOrder {index:15;}">
                <Coords points="581,2295 3334,2315 3336,2127 2364,2230 583,2146"/>
                <Baseline points="600,2262 735,2264 871,2265 1007,2267 1143,2268 1278,2270 1414,2271 1550,2273 1686,2274 1821,2274 1957,2276 2093,2277 2229,2279 2364,2279 2500,2280 2636,2282 2772,2282 2907,2283 3043,2285 3179,2285 3315,2286"/>
                <TextEquiv>
                    <Unicode>Gestern plötzlich ein Telegramm aus Venedig, dass man heute – nach</Unicode>
                </TextEquiv>
            </TextLine>
            <TextLine id="r1l21" custom="readingOrder {index:16;}">
                <Coords points="591,2411 3199,2456 3200,2351 591,2335"/>
                <Baseline points="609,2393 737,2394 866,2397 994,2399 1123,2400 1251,2402 1380,2403 1508,2404 1637,2405 1765,2406 1894,2406 2023,2408 2151,2409 2280,2409 2408,2411 2537,2411 2665,2412 2794,2414 2922,2415 3051,2417 3180,2420"/>
                <TextEquiv>
                    <Unicode>Wien reise. Ich telegraphierte, dass ich meinen letzten Vorschlag</Unicode>
                </TextEquiv>
            </TextLine>
            <TextLine id="r1l22" custom="readingOrder {index:17;}">
                <Coords points="589,2540 708,2592 803,2535 1093,2577 2180,2545 2180,2491 2086,2465 1644,2483 1412,2431 1332,2474 1065,2417 883,2459 818,2412 590,2461"/>
                <Baseline points="606,2523 683,2525 761,2525 839,2526 917,2528 995,2528 1073,2529 1150,2529 1228,2531 1306,2531 1384,2532 1462,2532 1540,2532 1618,2534 1695,2534 1773,2534 1851,2534 1929,2535 2007,2535 2085,2535 2163,2535"/>
                <TextEquiv>
                    <Unicode>(München ev. Berlin) aufrecht hielte.-</Unicode>
                </TextEquiv>
            </TextLine>
            <TextLine id="r1l23" custom="readingOrder {index:18;}">
                <Coords points="580,2711 3511,2694 3421,2599 2936,2567 581,2588"/>
                <Baseline points="597,2654 741,2657 886,2658 1031,2660 1176,2661 1320,2663 1465,2664 1610,2664 1755,2666 1899,2667 2044,2669 2189,2669 2334,2670 2478,2672 2623,2673 2768,2673 2913,2675 3057,2676 3202,2676 3347,2678 3492,2679"/>
                <TextEquiv>
                    <Unicode>Heut Vorm. geh ich zur Generalprobe Liebelei; mittags mit Heini zu Dora.</Unicode>
                </TextEquiv>
            </TextLine>
            <TextLine id="r1l24" custom="readingOrder {index:19;}">
                <Coords points="583,2794 3427,2816 3427,2736 2986,2715 584,2711"/>
                <Baseline points="602,2787 742,2788 882,2789 1022,2790 1163,2792 1303,2793 1443,2795 1583,2795 1724,2796 1864,2798 2004,2799 2144,2799 2285,2801 2425,2802 2565,2803 2705,2804 2846,2805 2986,2805 3126,2807 3266,2808 3407,2808"/>
                <TextEquiv>
                    <Unicode>Von Fischer eben Einladung nach Grunewald in die Villa, konnte mich na¬</Unicode>
                </TextEquiv>
            </TextLine>
            <TextLine id="r1l25" custom="readingOrder {index:20;}">
                <Coords points="562,2951 2891,2991 3323,2966 3324,2868 563,2853"/>
                <Baseline points="579,2915 715,2918 851,2919 987,2921 1123,2922 1260,2924 1396,2925 1532,2927 1668,2928 1804,2928 1941,2930 2077,2931 2213,2931 2349,2933 2485,2934 2621,2936 2758,2937 2894,2939 3030,2940 3166,2942 3303,2945"/>
                <TextEquiv>
                    <Unicode>türlich nicht binden, da ich in den nächsten Tagen probeweise einige</Unicode>
                </TextEquiv>
            </TextLine>
            <TextLine id="r1l26" custom="readingOrder {index:21;}">
                <Coords points="564,3066 2603,3102 2813,3071 2814,2999 564,2979"/>
                <Baseline points="582,3042 692,3045 803,3048 913,3050 1024,3051 1135,3053 1245,3054 1356,3056 1467,3056 1577,3057 1688,3057 1799,3059 1909,3059 2020,3060 2131,3060 2241,3060 2352,3062 2463,3062 2573,3063 2684,3065 2795,3066"/>
                <TextEquiv>
                    <Unicode>S zenen mit Max (Alexander) vorgespielt bekommen dürfte.</Unicode>
                </TextEquiv>
            </TextLine>
            <TextLine id="r1l27" custom="readingOrder {index:22;}">
                <Coords points="571,3186 2998,3246 3303,3136 572,3074"/>
                <Baseline points="588,3174 722,3176 857,3179 992,3180 1127,3183 1262,3185 1396,3186 1531,3186 1666,3188 1801,3189 1936,3191 2070,3191 2205,3192 2340,3194 2475,3194 2610,3195 2744,3197 2879,3198 3014,3200 3149,3201 3284,3203"/>
                <TextEquiv>
                    <Unicode>Nach dem Theater gestern einsam in der Esplanade-Bar genachtmahlt; -</Unicode>
                </TextEquiv>
            </TextLine>
            <TextLine id="r1l28" custom="readingOrder {index:23;}">
                <Coords points="618,3342 755,3394 1448,3324 2067,3355 2172,3338 2173,3233 1959,3275 619,3230"/>
                <Baseline points="636,3306 712,3308 788,3309 864,3309 940,3311 1016,3311 1092,3312 1168,3312 1244,3314 1320,3314 1396,3315 1472,3315 1548,3315 1624,3317 1700,3317 1776,3318 1852,3318 1928,3320 2004,3320 2080,3320 2156,3321"/>
                <TextEquiv>
                    <Unicode>alles macht den Pirandello-Rummel mit.</Unicode>
                </TextEquiv>
            </TextLine>
            <TextLine id="r1l29" custom="readingOrder {index:24;}">
                <Coords points="573,3482 3163,3486 3233,3349 574,3380"/>
                <Baseline points="593,3435 724,3438 855,3440 986,3441 1117,3443 1248,3444 1379,3446 1510,3446 1641,3447 1772,3447 1903,3449 2034,3449 2165,3450 2296,3450 2427,3452 2558,3452 2689,3453 2820,3453 2951,3455 3082,3456 3213,3458"/>
                <TextEquiv>
                    <Unicode>Lebwohl, und wisse, all dies ist nur Chronik, nicht Brief. Aber ich</Unicode>
                </TextEquiv>
            </TextLine>
            <TextLine id="r1l30" custom="readingOrder {index:25;}">
                <Coords points="569,3608 3050,3629 3307,3613 3308,3515 570,3503"/>
                <Baseline points="588,3569 723,3569 858,3570 993,3572 1128,3572 1263,3573 1398,3575 1533,3576 1668,3577 1803,3578 1939,3579 2074,3581 2209,3581 2344,3582 2479,3584 2614,3584 2749,3585 2884,3585 3019,3585 3154,3585 3290,3585"/>
                <TextEquiv>
                    <Unicode>hoffe, es ist Dir lieber als nichts. - Meine Stimmung, wie Du Dir den¬</Unicode>
                </TextEquiv>
            </TextLine>
            <TextLine id="r1l31" custom="readingOrder {index:26;}">
                <Coords points="570,3729 1563,3718 1564,3616 1401,3661 1343,3631 572,3617"/>
                <Baseline points="588,3695 635,3696 683,3698 731,3698 779,3699 827,3699 875,3699 922,3700 970,3701 1018,3701 1066,3701 1114,3701 1162,3702 1210,3702 1257,3704 1305,3704 1353,3705 1401,3707 1449,3708 1497,3711 1545,3713"/>
                <TextEquiv>
                    <Unicode>ken kannst, recht mässig.</Unicode>
                </TextEquiv>
            </TextLine>
            <TextLine id="r1l32" custom="readingOrder {index:27;}">
                <Coords points="577,3854 954,3840 1123,3900 1392,3841 1446,3885 1783,3885 1810,3762 1599,3793 1538,3745 1360,3775 1227,3730 1002,3775 578,3745"/>
                <Baseline points="596,3831 655,3830 715,3830 775,3830 835,3830 894,3830 954,3830 1014,3831 1074,3831 1133,3833 1193,3833 1253,3834 1313,3836 1372,3837 1432,3837 1492,3839 1552,3839 1611,3840 1671,3840 1731,3840 1791,3840"/>
                <TextEquiv>
                    <Unicode>Ich umarme Dich innig. Dein A.</Unicode>
                </TextEquiv>
            </TextLine>
            <TextLine id="r1l33" custom="readingOrder {index:28;}">
                <Coords points="1822,3987 1841,3986 1865,3967 1898,3972 1908,3964 1927,3974 1945,3969 1960,3976 1966,3968 2006,3965 2001,3882 1980,3884 1955,3903 1915,3902 1909,3910 1876,3908 1862,3916 1818,3911"/>
                <Baseline points="1838,3965 1863,3962 1888,3959 1913,3957 1938,3956 1963,3956 1988,3956"/>
                <TextEquiv>
                    <Unicode>- - - -</Unicode>
                </TextEquiv>
            </TextLine>
            <TextEquiv>
                <Unicode>Berlin, Hotel Esplanade, 13.10.25.
(nach Wien, Peregring.)
Liebste, nur ein kurzer Morgenbericht über den gestrigen Tag. Telefon¬
gespräche, ein kleiner Spaziergang, Kopfschmerzen, Mittag im Hotel. Bar¬
nowsky. Später Heini. Gespräch, in dem ich meinen Standpunkt präzisier¬
te. Die Besetzung stünde so ziemlich fest und ist zum Theil sehr gut.
Den Max werd ich morgen mehn, - ein Herr Alexander. Heut weh ich Abend
die Brod (im Grabbe). B. findet,- wenn nicht Aurelie, so könnt sie,
ja müsste sie Judith spielen. Für Aurelie wäre, so weit man sich auf
dentschen Bühnen umschaut - thatsächlich nur Fein - oder Heims da.
Gestern sah ich mir nun abend noch in Shaws Methusalem Frau Hofer
(die geschiedene Gattin Barnowskys) an, die allerlei Qualitäten hat,
aber nicht genug, und nicht die wichtige für Aurelie. Heute nach dem
Theater ausschlaggebende Bewprechung mit B. (der persönlich wie meistens
sehr angenehm wirkt).
Gestern plötzlich ein Telegramm aus Venedig, dass man heute – nach
Wien reise. Ich telegraphierte, dass ich meinen letzten Vorschlag
(München ev. Berlin) aufrecht hielte.-
Heut Vorm. geh ich zur Generalprobe Liebelei; mittags mit Heini zu Dora.
Von Fischer eben Einladung nach Grunewald in die Villa, konnte mich na¬
türlich nicht binden, da ich in den nächsten Tagen probeweise einige
S zenen mit Max (Alexander) vorgespielt bekommen dürfte.
Nach dem Theater gestern einsam in der Esplanade-Bar genachtmahlt; -
alles macht den Pirandello-Rummel mit.
Lebwohl, und wisse, all dies ist nur Chronik, nicht Brief. Aber ich
hoffe, es ist Dir lieber als nichts. - Meine Stimmung, wie Du Dir den¬
ken kannst, recht mässig.
Ich umarme Dich innig. Dein A.
- - - -</Unicode>
            </TextEquiv>
        </TextRegion>
    </Page>
</PcGts>
