3689 4702
3380 133 3572 282 114
2127 311 3073 478 Hotel Regina, 17.1.1925.
2137 449 2887 563 3/4 1 Mittag. Wien.
558 418 1489 581 An A.S. in die Schweiz.
562 635 968 795 Liebster,
919 736 3298 912 ich erhielt gestern zwei Karten und heute Deinen freundli-
559 904 3222 1038 chen langen Bericht aus Bern vom 15.1. Ich danke Dir herzlich für
555 1032 3547 1161 Dein Interesse an meinem "literarischen" Leben und dass Du das Manuscript
569 1156 3373 1289 wieder so aufmerksam durchgelesen hast. Ich werde jedesfalls noch all
566 1292 3392 1419 die kleinen Aenderungen vornehmen. Herr von T., bei dem ich gestern zu
612 1427 3216 1543 Tisch war, wird meinen Besuch bei Paul Zsolnay avizieren. Er riet
581 1527 3259 1668 mir auch sehr, den Felix B. um seine Intervention zu ersuchen, da er
570 1675 3278 1800 der Literat des Verlags ist. Aber ich tue das jedesfalls erst nach
575 1800 2023 1966 meiner Unterredung mit Paul Zäolnay.
1096 1932 3468 2072 Ich bin früher aus der Stadt nach Hause gekommen, um diesen
614 2070 3281 2204 rief zu schreiben und express aufzugeben (obwohl das ein Vermögen
585 2200 2705 2344 kostet) und damit Du ihn morgen noch in Z. erhältst.
1092 2365 3309 2491 Ich habe noch nachzutragen, dass ich Donnerstag Vormit-
554 2471 3350 2589 tag von Pötzleinsdorf über den Sommerneidenweg nach Salmannsdorf und
554 2597 3391 2723 zurück gelaufen bin. Es war sehr sonderbar, diesen Weg allein zu gehen
588 2733 3196 2844 und ich habe über manches nachgedacht. Ansonsten habe ich in den
619 2822 3342 2955 letzten drei Tagen nur gearbeitet und bin mit der neuen Novelle na-
621 2973 3347 3103 hezu fertig. Ich habe sie gestern Abend, so weit sie ist Cari vorge-
621 3126 3380 3225 lesen, da ich wegen einiger medizinischer Stellen im Unklaren war und
592 3235 3355 3363 er fand sie ausgezeichnet, was natürlich nichts sagen will, obwohl ich
574 3385 3344 3500 diesmal selbst beinahe ein Gefühl der Sicherheit habe. Es wird wenig
581 3495 3255 3625 gesprochen und nur einfach erzählt. Heute schreibe ich die letzten
555 3621 3377 3774 Seiten und morgen Sonntag Abend kommt Frieda und ich werde bis in die
605 3772 3272 3888 Nacht hinein diktieren. Die Novelle ist etwas länger als die zwei
569 3892 2294 4042 letzten und ich habe sie am 12.1.begonnen.
1087 4048 3244 4195 Ich freue mich sehr, dass Dir die Reise so gut tut und
593 4182 3297 4311 eigentlich eine Erholungsreise für Dich ist und Du hast sehr recht,
575 4298 3309 4426 Dir nichts abgehen zu lassen und so bequem und angenehm als möglich
