3823 4687
560 255 798 446 1929
577 454 3434 653 9.4. Sol A. telefoniert mir: Brief von Arnoldo. Er macht jetzt Prüfung
537 641 3366 793 und will ihn dann sehen. A. hat die Absicht ihn in Klagenfort oder in
560 761 3499 931 der Umgebung im Mai zu treffen und natürlich soll die 0. auch hinkommen.
522 864 2606 1057 Also Frühlingsausflug mit Gattin und Schwiegersohn!
566 1025 3507 1204 Am Sonntag während A. an meinem Herzen lag, sagte ich zu ihm: "Fahren wir
501 1146 3408 1296 doch aus diesem grauslichen Wetter fort.“ Er antwortete: "Ja, ich möchte
525 1269 3533 1430 gerne mit dir wo anders sein, aber das Einpacken, das Reisen ist so
482 1414 3525 1587 schrecklich "Arnoldo und C. wünschen, und er ist bereit. Die Sache scheint
558 1537 2390 1675 ja schon in Berlin verabredet worden zu sein.
521 1670 3410 1831 Tiefe Verstimmung, Depression auf beiden Seiten. Unerfreuliche Gespräche
541 1809 3471 1994 mit Frieda. Bei Anna, die noch immer nicht ausgehen kann. Absage von Ull-
513 1895 788 2055 stein.
537 2031 3422 2259 14.4. Abend bei A. Er lag fast den ganzen Abend am Bivan, sah elend aus,
497 2190 3399 2372 hatte Kopfschmerzen. Ich hochte neben ihm, streichelte ihn. So vergingen
2147 2308 2306 2388 Lilt
492 2336 3383 2465 Stunden. Heute vor einem Jahr hat er mit Seereise angetreten.
509 2450 3426 2635 16.4. Vormittag Friedhof. Sterbetage: mein wann und unsere gute alte Ma-
534 2578 3447 2733 demoiselle. Wetter sehr kalt. Abend bei A. mit Hofrätin Z. A. animierter
490 2707 935 2843 als sonst.
463 2854 3422 3045 1 7.4. Vormittag Stadt, Abend bei A. mit Frieda und Bruder, Ehepaar Ackonas
540 2981 3369 3126 und Dr. Hans Schnitzler (Sohn von Julius). Gemütlicherer Abend,A.
529 3095 1277 3241 in guter Stimmung.
512 3243 3476 3411 18.4. Nachmittag kleiner Spaziergang mit A. Bann brachte er mich zu Anna,
458 3379 3514 3561 wo ich für den Abend blieb. Gespräch mit Benedikt am Telefon. Meine Novelle
452 3501 3546 3692 an ihn abgeschickt. Er machte mir Vorwürfe, dass ich so lange nichtsgeschrie-
454 3631 3444 3804 ben habe und auf meinen Einwand, ich wollte nicht zudringlich sein, antwor-
3042 3769 3387 3850 befürch-
474 3770 3462 3948 tete er: "Eine Schriftstellerin von ihrem Rang hat das nicht zu befürschen
467 3878 668 3989 ten.
507 4006 3511 4191 20.4. Wundervoll im wahrsten Sinn. Türkenschanzpark in der Sonne gesessen.
460 4131 3265 4312 Wie dankbar ist man für ein wenig Sonne. Abend im Kino mit A. "Geld".
3620 46 3719 111 -
3644 96 3755 283 229
