3770 4718
2271 317 3086 479 19.4.1928. Bl.4
753 548 3258 677 Um ½2 fährt das Schiff von hier ab, eine Stunde später hält es
766 683 3291 819 in Eux Eleusis, wo man für ein paar Stunden ans Land geht; um 6
755 818 3283 942 Weiterfahrt, morgen Dardanellen, übermorgen Constantinopel; - das
754 942 3349 1038 wir längst wieder verlassen haben, wenn Du diesen Brief erhältst.
751 1078 3322 1190 Wenn heut nur noch vor der Abfahrt einer von Dir käme! So weiss
761 1222 3333 1325 ich heute (8 Tage nach Abreise) nichtmehr von Dir - als dass in
750 1320 3368 1439 Wien 5 Grad Kälte ist. Ich sehne mich sehr nach vielen und guten
753 1459 3334 1605 Nachrichten von Dir. Auf diesen Brief wirst Du wohl nach Ragua
749 1603 3433 1713 antworten. Für heute will ich Dich nur noch tausendmal grüssen und
763 1700 1629 1863 umarme Dich zärtlich.
1582 1865 1803 2009 Dein
1785 2009 1916 2092 A.
1786 2131 1932 2220 - — —
3545 103 3682 284 108
