2793 3358
1591 331 2257 488 26. August 1897.
1095 381 1229 484 -2-
317 563 2344 674 würde ich nicht ankämpfen. Ich hab auch ihm gegen-
325 713 2311 836 über nicht die Verpflichtung, da ich ihm den Grad
312 844 2406 956 meiner Gefühle und meinen Standpunkt aufrichtig er-
310 966 2477 1093 klärt habe, und auch nie kokett mit ihm war. Ich ver-
330 1118 2474 1231 sichere Dich. Meine Eltern haben sich noch nicht ent-
333 1222 2510 1341 schieden, doch glaub ich eher nein als ja, da die ein-
330 1346 2369 1510 gezogenen Informationen was den Huf seiner Familie
310 1485 2498 1618 aingelangt, sie noch nicht befriedigen. Die Geschichte
325 1624 2502 1752 hat mich sehr nervös gemacht, denn es tut mir so leid,
326 1745 2442 1876 dass sich der arme Mensch nun in so einer peinlichen
333 1897 2513 2002 Lage befindet. Ich habe ohnedies als ich seine Wünsche
324 2003 2574 2187 und Absichten erriet, sehr gebremst, doch es war umson¬
392 2156 2494 2299 1 - Und ich hab noch so viel andere Sorgen. Denk Dir
336 2291 2499 2416 man hat wieder so schauerlichen Tratsch über mich ge-
323 2414 2531 2538 macht, wegen der Frühjahrsgeschichte (Minis Schatten-
334 2545 2367 2674 bilder (und einer Menge anderer Dinge, sodass ich
336 2667 2527 2771 viele schlaflose Nächte verbrachte, und mir so furcht-
337 2808 2541 2924 bar vor dem Gedanken bangt, nach Wien zurück, und wie-
346 2946 2534 3054 der unter diese vielen feindlichen Menschen zu müssen,
342 3077 2531 3242 zu denen ich gar kein Vertrauen mehr hab. Zum Beispiel
2523 127 2683 341 4/27
