3746 4638
619 329 1055 453 20.8.1930.
618 509 1772 673 die Dauer durchhalten werde.
614 609 3422 764 Abends mit A. im Kino und dann x bei Prochaska immPrater. A. kühl wie
613 779 3340 923 immer. Ich sagte ihm sehr freundlich, dass ich meine Wohnung in Stand
612 897 3500 1039 setzen lassen werde, da ich dieses Leben zwischen Koffern und aufgeroll-
606 1039 3369 1160 ten Teppichen satt habe und er mir mit einer Reise, zu der er sich so
604 1154 3338 1328 schwer zu entschliessen scheint, gar keinen Gefallen tut. Ich bleibe
621 1313 3340 1421 ebenso gern hier. Darauf er: er habe die Absicht nächste Woche nach
606 1442 3244 1552 Marienbad zu gehen und es sei ihm angenehm mit mir zu fahren. Ich
613 1569 3411 1729 meinte, er könne ruhig auch allein fortfahren, da eine gemeinsame Reise
605 1704 3390 1858 ohne Animo ein Unding sei. Er erklärte, dass es ihm gar nicht einfalle
603 1793 3363 1979 allein fortzugehen, für Stimmung liesse sich allerdings kein Programm
600 1930 3049 2113 machen, weder für hier noch für dort. Kurzum Drehs ohne Ende.
588 2076 3319 2246 Es ist mir heute ganz klar, dass die Wühlerbeit verschiedener Weiber
597 2241 3353 2388 nach unserer Reise in Caux angefangen hat. Diese Weiber fühlten, wie
609 2324 3325 2497 nah wir uns dort gekommen sind und witterten Gefahr für sich. Nach
598 2485 3308 2638 seiner Berliner Reise im Winter kam er plötzlich mit der veränderten
586 2608 2550 2763 Einstellung und dem veränderten Programm zurück.
582 2721 3343 2890 Heute Mittag Fredi (Armer Kerl, aber schwer zu helfen). Zum Tee Anna,
577 2885 3305 3026 belangloses Herumgerede. Abends Cary und Harry, recht gemütlich, ohne
587 2984 2140 3147 Harrys Eheangelegenhelten zu streifen.
591 3116 3390 3290 21.8. Nervös und irritiert. Gehe um 3 Uhr zu Dr. Dr. wegen Diät. Frieda
2492 3203 2714 3317 enfin
582 3269 2789 3384 angekommen und mich telefonisch von A. aus angekomen.
575 3387 3449 3551 22.8. Gestern Abend A. bei mir. Höchst unerzucklich. Anfangs in Kon-
582 3516 3424 3673 versation, dann zunehmende Kälte, schliesslich sagte ich ihm wieder, dass
587 3645 3411 3809 eine Reise auf einer solchen Basis von Unlust ganz sinnlos ist. Er be-
568 3792 3284 3928 hauptet, er habe ebenso wenig Lust hier zu bleiben als fortzufahren,
575 3907 3239 4086 jedesfalls übernenne er keine Verantwortung für seine Stimmung. Er
569 4052 3340 4231 glaube nur, es sei vielleicht besser, wenn wir uns einmal in einer an-
545 4176 3091 4319 deren Umgebung sehen als hier. Was soll man da noch antworten?
