3755 4719
1947 325 2911 472 Berlin,Hotel Esplanade.
1957 425 2379 535 17.5.1926.
1982 516 2455 655 (nach Wien)
772 617 3312 777 Liebste, vielen Dank für Deine Expresszeilen. Die Berliner Tage
795 764 3349 910 gehen ihrem Ende zu, Donnerstag Vormittag hoff ich in Wien zu
781 945 3324 1045 sein. Das Manuscript der Grossen Szene ist bei Conrad Veit, und
785 1040 3387 1174 heute erwarte ich eine Nachricht von ihm. Lantz findet übrigens,
784 1188 3477 1318 dass der Film sich den angeblichen Filmbedürfnissen wenig anpasst.
780 1314 3389 1448 Barnowsky ist nach München abgereist, soll heute Abend wieder zu-
3360 1443 3420 1492 de la
791 1449 3410 1549 rückkommen und wird mich nach Versicherung des Dramaturgen morgen
780 1584 1401 1700 früh anrufen.-
784 1713 3280 1836 Gestern musst ich den Empfang im Pen Club mitmachen; hab etwa
783 1843 3313 1946 fünfzig Leute gesprochen, - aber das alles erzähl ich Dir morgen
781 1945 1669 2109 früh durchs Telephon.-
781 2057 3397 2207 Für heute send ich Dir nur tausend Küsse und freu mich der wirk-
791 2218 3450 2349 lichen entgegen. Ich denke Deiner in Zärtlichkeit und umarme Dich
819 2371 1583 2507 von ganzem Herzen.
1660 2501 1879 2624 Dein
1943 2637 2064 2741 A.
1828 2759 2094 2887 <gap/>
