3771 4723
3491 118 3665 304 136
488 258 1200 464 Fortsetzung 7. I.
502 433 3575 609 - nur sein Schwiegervater Julius weis ) A. wird nicht sehr alt werden. Alles
493 539 3418 746 ist finster geworden, ich vermag den Gedanken nichts zu Ende zu denken-
477 686 3409 869 Ich frug; wie konnten sie in diesen Sommer noch behaupten dass sein Herz
492 843 3483 1015 ganz gesund ist, ihn ins Engadin schicken? Er behauptet, er habe mir nur
476 934 3504 1137 die Wahrheit nicht sagen wollen und die Höhe hätte keinen Einfluss, würde
484 1087 3644 1240 ihm auch jetzt nicht schaden. Ich kanndas nicht glauben. Da stimmt etwas nicht
459 1230 3502 1395 D. sagt; nur Diät, Entziehung von Flüssigkeiten, keine Aufregungen sonst ge¬
464 1321 3557 1496 be es nichts. Und wenn ich ihn nicht vor ein paar Wochen und immer wieder be-
478 1484 3514 1658 schworen hätte, sich um A. zu kummern, wäre das nicht einmal geschehen oder
468 1583 2635 1751 richtiger verordnet worden. Und ich bin so machtlos-
459 1745 3629 1953 Wie hat A. mich in diesen Jahr gequält und wie gern will ich alles hinnehmen,
475 1820 1259 2004 wenn er nur da ist.
457 1958 3514 2201 Sten. A. ruft mich heute Früh an. Die Clauser die heute N. M. zu mir kommen
461 2141 3485 2341 soll ist zu Tisch bei ihm (und Arnoldo) Es wäre so selbstverständlich
458 2263 3287 2453 dass er mich fazu bittet- aber das ist Alles so gleichgiltig geworden.
457 2362 3579 2603 Dr D. beschwor mich heiter zu sein mich nichts merken zu lassen. Wie soll mir
458 2484 1314 2662 das nur möglich sein.
438 2609 2420 2814 Heute Abend soll ich mit A. und Arnoldo ausgehn.
458 2781 3571 2944 9te. I. N. M. Fr. Clauser bei mir. Sie ist eine ganz nette nicht sehr klu-
434 2888 3086 3119 ge etwas manirierte Person und ich glaube nicht ganz aufrichtig.
438 3006 3518 3199 Abend mit A. und Arnoldo bei Ronacher dann bei Meissl genachtmahlt. Ich ver-
1240 3121 1309 3204 de
431 3141 3486 3369 stehe nicht wie An einer kultivierten Frau gefallen kann. Er ist und bleibt
428 3266 1068 3420 mir verdächtig.
436 3373 3410 3572 ich bin heute sehr erkältet garnicht ausgegangen. Nur Speiszettel für A's
432 3546 2304 3700 Diät zusammengestellt und die Zeit vertrödelt.
430 3663 3573 3912 IOten Arnoldo kam gestern gegen Abend mir einen Besuch machen ehe er abreiste.
408 3833 3412 4023 Offenbar in der Absicht, eine freundschaftliche Beziehung zwischen uns zu
425 3916 3547 4118 schaffen. Er sagte in seinem schlechten Französisch ungefähr; Er vertraue mir
374 4073 3577 4271 Arturio an er wieß jetzt welches Vertrauen und welche amitie dieser für mich
426 4206 3584 4440 hat, und er bitte mich nur (obwol er Arturio in guter Verfassung finde) ihm
420 4328 3542 4560 zu versprechen, wenn ihm je etwas Ernstes fehle, ihn sofort zu verständigen.
