3759 4707
1914 308 3367 469 Berlin, 27.12.1926. Hotel Esplanade.
1928 453 2433 567 (nach Wien.)
791 535 3267 693 Mein Liebes, das war heut Früh eine kurze Freude am Telefon –
802 726 3309 832 ungefragt wurde die Leitung unterbrochen und ich hatte so wie
804 855 3467 992 Du das Nachhören. Ueber die Thatsachen bist Du immerhin unterrich¬
799 992 3278 1121 tet; nachzutragen wäre, dass die Lulu (Erdgeist und Büchse der
793 1112 3424 1244 Pandora) eine sehr gute Vorstellung war, das Stück wie immer eine
800 1252 3331 1397 zuweilen durch die theatralische Kraft des Autors einheitlich
788 1384 3390 1513 und künstlerisch wirkendes Gemisch von Genialität, Colportage und
797 1516 3352 1647 Pedanterie. Heini spielte sehr nett die kleine Rolle des Gymna¬
785 1632 3296 1763 siasten Hugenberg. Nachtmahl mit Heini, Frau K. und Tochter,
793 1734 3416 1915 sowie Herrn Moringer (siehe Forte di Marmi). (Freund von Fr. K.)
779 1913 3474 2063 Wieder gut durchgeschlafen von 2–8, obwohl ich mich im ganzen nicht
790 2036 3253 2185 übermässig wohl befinde (meist leichte Kopfschmerzen). Heute
789 2162 3433 2293 Vormittag in der Bank; Feilchenfeld in Wien, sein Vertreter Popper
805 2298 3271 2426 wenig erfreuliche Mittheilungen über mein Konto – rasch tritt
781 2407 3486 2567 das Deficit den Menschen an.– Das Fischersche Bureau, S.F. ist heute
783 2534 3355 2722 Früh Grossvater einer Enkelin geworden. – Gespräch mit ihm über
785 2688 3547 2827 (sein und mein) Ohrenleiden, über das Diagramm, den schlechten Bücher¬
780 2795 3494 2930 verkauf – dann mit Maril über die Nichtaufführungen meiner
779 2928 3375 3084 Stücke; – über all das mit einer gewissen Herzlichkeit und nicht
778 3058 3326 3201 ohne Humor. »Das Spiel im Morgengrauen« will S.F. erst im April
770 3171 1140 3318 bringen.
769 3313 3321 3469 Im Hotel sprach ich Freud (der hier zwei seiner Söhne besucht).
765 3436 3340 3628 Mittagessen mit Heini. Eine Stunde etwas müße auf dem Divan. Nun
772 3566 3163 3722 liegt das Filmszenarium der Liebelei vor mir, in dem ich die
751 3723 3291 3858 Texte ändern soll. Frau Hegewald sollt ich besuchen; – nach dem
755 3835 3328 4009 gestrigen Gespräch mit den zwei Filmleuten, bei dem sich heraus¬
762 3975 3445 4118 stellte, dass weder sie noch Frau H. irgend etwas von meinen Sachen
755 4109 3281 4284 kennen – Frau H. nicht einmal die Liebelei! die sie verfilmt; –
743 4260 3321 4391 die Herren die Else und die Traumnovelle nicht einmal dem Namen
