3690 4703
573 190 1000 344 22.6.1925.
548 351 1623 487 ein wenig spazieren gehen.
539 440 3334 582 22.6. Keinerlei Nachricht von A. Auf Brief und Telegramm antwortlos.
543 591 3381 718 Weiss nicht, was in seine Hände gelangt ist, da er bei "ihr" wohnt. Mein
550 758 3305 894 Befinden sehr mässig, weiss nicht - soll ich fahren, so11 ich bleiben.
540 892 3381 1009 Nie wieder lass ich mich auf so eine Verabredung ein. Es regnet, es ist
535 993 3354 1114 kalt, ich habe seit drei Tagen keinen Menschen gesprochen, kein bekann-
540 1133 1400 1272 tes Gesicht gesehen.
542 1252 3444 1372 Nachmittag. Endlichsein Telegramm: "Tausend Grüsse - gutes Wiedersehen -
546 1390 3247 1511 freue mich sehr. A. Es ist gut, denn meine Nervosität war schon arg.
534 1505 3271 1634 Bleibt noch immer ein Rätsel, warum er nicht schrieb. Ich werde froh
540 1653 3388 1800 sein, wenn ich in Innsbruck mit ihm zusammengetroffen sein werde, trotz-
544 1788 3432 1935 dem ich mir nicht viel Gutes von dieser Reise erwarte. Aber allein sein
551 1912 3299 2027 ist schrecklich. Und dann - ich habe ihn ja doch sehr gerne.- Es ist
548 2037 3403 2198 jämmerlich kalt und ich habe solche Angst krank zu werden und alles zu
583 2166 1013 2309 verpatzen.
530 2299 3310 2456 23.6. Jetzt bin ich im Zug nach Innsbruck.- Es regnet - Heute Nacht
539 2445 3337 2535 hat A. von München aus noch angerufen, aber ich war schon schlafen ge-
548 2570 3260 2685 gangen. Weiss nicht, was er noch sagen wollte. Meine Nerven sind zum
520 2678 3372 2853 Zerspringen. Ich fürchte mich, dass irgend etwas nicht stimmen wird und
539 2858 3330 2967 wir nicht zusammentreffen. Was fang ich dann an? Mein Koffer ist pro-
585 2976 3420 3101 grammgemäss direkt nach Meran gegangen, also muss ich hinfahren. Lieber
543 3108 3349 3226 Gott, schutze mich und lass diese Begegnung eine gute und frohe sein. -
538 3218 3408 3338 19 vorbei. Die Sonne wagt sich schüchtern hervor - eigentümlich zu den-
547 3347 2410 3501 ken, dass wir nun doch einander entgegenfahren.
532 3500 3302 3635 Und nun sitzen wir wirklich zusammen im selben Coupé und küssen uns
537 3629 3253 3787 in jedem Tunnel und ich vergesse an alles, was ich gegen ihn auf dem
527 3732 1094 3878 Herzen hatte.
522 3848 3378 4036 Meran. Gleich nach der Ankunft hier im Hotel hatte ich einen argen An-
515 4013 3178 4113 fall von Herzschwäche; mit starkem schwarzen Kaffee rasch behoben.
528 4110 2672 4272 Abends sehr hübsch, obwohl ich sehr schläfrig war - -
3440 113 3588 288 171
