3690 4707
2311 248 2774 393 Alt-Aussee.
650 260 1501 447 An A.S., nach Luzern.
2299 345 3154 483 Donnerstag 9.9.1926.
659 463 3222 590 Mein Liebes, eben 4 Uhr Nachmittag komme ich nachhause und finde
670 633 3438 742 Deine lieben Briefe vom 6. und 8. vor. Ich schickte heute schon einen
669 753 3281 866 Expressbrief ab und sende noch rasch diese Zeilen nach, damit sie
650 863 3347 1008 Dich vor Deiner Abreise antreffen. Dies ist wohl der letzten Brief,
660 1014 3396 1131 den ich Dir in diesem Sommer schreibe und ich will Dir auch Details
668 1112 3316 1269 und Eindrücke von hier lieber mündliche erzählen. Heute Vormittag
657 1272 3461 1422 grosser Spazier mit Enny W. (Blaawiesen). Sie ist mir sehr sympathisch,
666 1413 3343 1530 sicher eine wertvolle person, aber ich glaube nicht, dass wir uns je
654 1514 3267 1680 sehr nahe kommen werden. Wir sprachen natürlich viel von der Zu
655 1659 1512 1804 kunft unserer Kinder.
964 1752 3358 1917 Hier wurde ich unterbrochen, weil Carly und Magda kamen und
664 1936 3350 2035 so schreibe ich jetzt nach dem Abendessen um 9 Uhr weiter und kann
648 2054 3349 2191 den Brief erst morgen Früh express aufgeben. Also, wir sprachen von
649 2188 3403 2300 den Kindern, dass sie diesen Winter gemeinsam englisch lernen sollen,
662 2300 3383 2417 von Hochzeit, Einrichtung,Farys Aussichten etc., später auch von Hof-
687 2471 3494 2600 mannsthal, Kornegold, Theater und Literatur. Egon schreibt sich derzeit
652 2587 3370 2700 selbst einen Text zu einer Oper "Die Bacchantinnen" nach Euripydes,
657 2713 3288 2833 der von den "Dichtern", ich vermute Wassermann und Hofmanstal, sehr
648 2847 3342 2975 gut gefunden wird. Emmy W. sagte mir auch, sie habe gehört, dass die
639 2979 3259 3140 "Else" in Paris einen sehr grossen Erfolg habe. Ueber meine Reise
701 3098 3274 3250 stellte sie keinerlei Fragen. Zu Tisch war ich wieder bei ihnen
657 3216 3170 3338 und Frieda war auch eingeladen. Es war wirklich sehr nett. Der
687 3345 3409 3472 gestrige musikalische Abend bei Wassermann soll hübach gewesen sein
644 3488 3404 3588 und dauerte bis 11. Cary erzählte mir zu meinem Erstaunen, dass Raoul
645 3631 3402 3776 Auernheimer, der auch dort war, sich sehr nach mir erkundigte,erstaunt
649 3727 3441 3868 war, dass ich schon hier sei, frug, wo ich wohne und mir die Hand kussen
639 3891 3499 4014 liess. Ich vermute, er hat Stefan Zweig gesprochen oder einen Brief von
647 4031 3415 4147 ihm bekommen. Im übrigen fühle ich mich leider physisch seit einigen
647 4146 3189 4285 Tagen gar nicht wohl, d.K. ich habe seit der Reise nach Salzburg
3400 111 3560 297 350
