3823 4687
563 289 776 445 1929
581 500 818 637 20.4.
562 654 3473 787 Dann "Linde". A. bessere Stimmung, aber mir fehlt schon jedes Vertrauen
542 781 1165 917 in die Zukunft.
561 900 3429 1101 Harry zu Tisch. Ennervante Gespräche über seine Ehe. Ernimmt es wieder
561 1022 1085 1166 nicht ernst.
563 1141 3384 1322 21.4. Nur nun 5 Grad über Null und wässeriger Schnee. Dabei will mein
520 1306 3486 1474 Ofen nicht mehr brennen. Es ist zum Verzweifeln. Heute steht in der Neuen
558 1446 3484 1624 Freien Presse über die Schwangerschaftsreaktion, die Cary mit Hans Porges
548 1589 3455 1729 gemeinsam entdeckt hat. Die Idee war von Cary. Leider sind die Versuche
551 1698 1613 1836 noch keineswegs gelungen.
3605 97 3751 306 230
