3771 4654
676 198 1252 369 Tgb. 27.4.193
690 411 1286 564 anderes übrig?
683 515 3329 648 27.4. A. mich in der Früh eher brummig angerufen. Dr.D. sagte mir
688 689 3478 820 gestern am Heimweg (Anny war dabei),A. sei sehr nervös und neurasthe-
718 822 3417 921 nisch, fühle sich sonst aber sehr wohl. Er habe ihm geraten für ein
689 971 3447 1112 paar Tage fortzugehen, auf den Semmering etwa, ich aine nicht
672 1087 1616 1214 ob mit oder ohne mich.
671 1182 3281 1350 Heute Mittag die Kinder und Trude Bien zu Tisch, die sich während
670 1317 2925 1484 Carrys Krankheit fabelhaft bernommen hat. Abend allein.
671 1455 3443 1631 28.4. Heute Abend mit A. bei Ronecher. Fades Programm und ich fühlte
664 1595 3397 1730 mich physisch und seelisch nicht wohl. Dann Hotel Krantz (Majolika-
659 1725 3325 1880 Saal). Ich machte krampfhaft Konversation. A. wichtlich verlegen.
653 1891 3366 2008 Endlich frage ich, da er immer von seiner "Erschöpfung" spricht, was
682 1982 3384 2126 Ferry ihm eigentlich verordnet hat. A.: "Er hat an Gastein gedacht,
685 2125 3471 2261 aber ich denke nicht daran, werde nur vielleicht für ein paar Tage al-
673 2261 3361 2418 lein fortgehen.“ -ich sage nichts als „so“ und „preche weiter weder
726 2392 3443 2529 verstimmt noch in einem andern Ton als bisher. Aber sein schlechtes
719 2527 3288 2662 Gewissen lässt ihm keine Ruh. Im Wagen geht es los; es sei kein
675 2671 3437 2811 Grund verstimmt zu sein, weil er vielleicht für ein paar Tage auf den
664 2763 3398 2926 Semmering gehe etc. Er quält mich so lange, bis ich losbreche. Jeder
659 2900 3502 3039 Mensch frage mich, ob er nicht mit mir eine kleine Reise machen würde,
671 3052 3342 3200 wo ich so elend aussehe und Frieda hat mir vor Wochen gesagt, dass
688 3189 3429 3332 er diese Absicht hat. Er leugnet. Ich empfinde das Elend unserer Be-
671 3335 3511 3447 ziehung nicht um ein Atom stärker weit er mir diese Mitteilung gemacht
660 3416 3461 3549 hat als vorher. Er: "Es ist doch keine schlimme Absicht dabei." Ich:
680 3557 3417 3717 "Es genügt wohl nicht, dass du nach diesem Jahr, das hinter mir liegt,
712 3669 3358 3839 nichts gegen mich Gerichtetes tust, du hättest eben etwas für mich
675 3800 2977 3947 tun müssen. Du bist entweder nicht normal oder bösartig."
660 3964 3444 4085 29.4. Quälende telefonische Gespräche ohne Resultat. Mittag die Kin-
654 4104 3508 4241 der noch zu Tisch, die morgen abreisen. Nachm. bei Hedwig, Abend allein.
3515 95 3670 236 166
