3698 4686
3005 285 3367 447 5.12.27.
640 500 3282 670 men und freut sich sehr auf das ganze Buch. Ich sagte ihm, dass es
649 653 3292 779 unerhört schön und gross ist (gross nicht in Bezug auf den Umfang
643 787 3439 927 geneint.) Es gäbe noch viel zu erzählen, denn ich habe so viel in die-
640 933 3479 1058 sen Tagen gehört, aber ich fühle mich innerlich und äusserlich gehetzt.
1106 1045 3254 1188 Also weiter alles Gute und Schöne und einen Kuss von
1630 1174 2115 1286 Deiner C.K.
670 1429 3312 1546 Mittwoch 9 Uhr Abend Penklub Hotel Imperial. Ich ziehe mein rosa
631 1563 1204 1683 Perlkleid an.
3495 105 3600 270 82
