3742 4674
2394 276 3092 481 1. Juli 1924 Bl. 3
624 515 3382 647 Litteratur. Es muss doch einmal Menschen gegeben haben, die zu lieben
603 655 3240 768 verstanden und für die die Liebe etwas sehr Kostbares, etwas ehr
631 764 1211 920 Heiliges war.
619 876 3448 1017 Wenn ich nur wüsste wann Du zuletzt in diesem Buche gelesen hast, wann
595 1037 2007 1197 diese Stellen angestrichen wurden.
595 1183 1763 1324 2. Juli Mittwoch Abend 8 Uhr.
600 1295 3107 1415 Das war heute ein sehr anstrengender Tag. Ich war schon vor 8 l.
595 1463 3445 1571 auf der czechischen Passtelle und stand dort eingekeilt in einer ver-
633 1572 3387 1689 schwitzten, übelriechenden, unabsehbaren Menschenmenge bis 12 Uhr Mitar
604 1695 3259 1860 Ich bekam dann endlich meinen Pass, weil ich simulierte, ich sei her
626 1840 3274 2006 krank und am Zusammenbrechen. Es ist doch ganz gut, wenn man auch
635 1973 3265 2100 Theater spielen kann. Ich kam aber völlig erschöpft nachhause und
595 2083 3363 2264 gleich darauf erschien unangesagt Delitz, der mir noch seine Unschuld
624 2221 3431 2381 betauern wollte. Man hat ihm mit dem Seitz, den er zu zeichnen sollte,
602 2371 3434 2502 dieselbe Sache gemacht. Er ist sehr unglücklich, denn er hätte speziell
623 2483 3388 2611 Dich so gerne gezeichnet, weil ihn Deinkopf so interessiert. Er hofft
592 2620 3237 2763 noch immer! Ich habe gehofft, einen Brief von Dir vorzufinden, aber
587 2749 3422 2857 leider kam keine Zeile. Ich lasse diesen Brief daher bis morgen liegen.
574 2881 3439 3013 Heute kamen auch die ersten Korrekturbogen der Neuen Freien Presse. Ich
624 3021 3319 3151 bin sehr, sehr müde und auch verstimmt - Wenn Du Montag geschrieben
569 3140 2821 3294 hättest, wäre der Brief heute hier. Gute Nacht, indessen.
594 3285 3448 3393 Vonnerstag Früh. Eben kommt Deine liebe Karte vom Montag und der liebe
577 3398 3424 3531 Dienstag-Brief. Ich freue mich über Deine Schlussworte, ich freut mich,
621 3522 3308 3639 dass Du Dich nach mir sehnet, ich freue mich, dass es mir auch nicht
589 3679 3355 3795 anders geht und dass wir wohl Beide fühlen, wie tief innerlich wir zu
580 3785 1310 3927 einander gehören.
611 3922 3327 4065 Ich hoffe, dass Du Dich trotz aller unliebsamen Unterredungen durch
577 4031 3377 4173 die gute Luft und viele Spaziergänge erholt hast und ich möchte gerne
563 4203 3350 4329 Deinen lieben Kopf zwischen meine Hände nehmen und alle sorgenvollen
569 4293 1384 4463 Gedanken wegküssen.
3465 102 3596 263 70
