3787 4727
1420 169 1989 419 Tagebuos
697 276 1303 455 Tgb. 4.5.1929.
702 481 3511 640 nicht, dass ich das hin nehne. Ich tu natürlich, als ob ich diese Reise
699 652 3432 739 ganz belanglos fände, denn sie muss nicht wissen, wie ich leide. Eine
709 767 3547 898 sehr reizvolle, originelle Person, aber ich traue ihr nicht. Sie sagte:
743 888 3392 1027 "Warum sind Sie nur so bescheiden? Er soll Gott danken, dass er
706 1014 3472 1150 sie hat". Sie sagte auch, wie merkwürdig sie es gefunden hat, dass er
742 1155 3456 1290 seinerzeit die grossen Secreisen mit Lili und nicht mit mir gemacht
698 1273 3427 1417 hat. Eigentlich recht unschön von ihr dieses Aufhetzen, aber ich bin
702 1425 3586 1560 dadurch innerlich ruhiger geworden, denn ich sehe dadurch erst recht, wie
741 1525 3467 1666 gut ich mich zu A. benehme und immer benommen habe. Es war ja nicht
705 1650 3408 1790 vorbedacht von mir, es kam eben so wahrscheinlich, weil ich ihn lieb
687 1779 941 1976 habe.
694 2012 3509 2143 5.5. Gestern Abend noch im Kino bei "Jungfrau von Orleans".Originelle
690 2128 3452 2255 Filmregie, aber unerträglich. A. hatte unaufhörlich Magenbeschwerden.
714 2228 3396 2373 Ich dachte jeden Augenblick, dass wir fortgehen müssen. A. dabei so
682 2365 3317 2517 liebevoll wie lange nicht, von einer schrankenlosen Zärtlichkeit.
700 2506 3425 2608 Er wird damit nicht erreichendass ich anders denke, anders empfinde,
702 2657 2217 2769 aber ich lasse es mir nicht anmerken.
694 2764 3516 2891 Den ganzen Vormittag im Garten verbracht. Ich habe das Frühlingwerden
704 2913 3374 3019 nie so nah erlebt. Ich bin wie berauscht, alle Bäume sind in Blüte.
696 3033 3537 3168 Am Abend etwas melancholischer Spaziergang mit A. Wundervolles Wetter.
695 3191 2460 3326 Dieser plötzliche Frühling greift ans Herz.
700 3359 3635 3503 7.5. Vormittag Stadt. Im Dorotheum meine versetzte Unr prolongiert. Mittag
671 3494 3462 3643 A. bei mir nach der Generalprobe von "Puppenspieler". Er ist so lieb
692 3600 3468 3739 und zärtlich wie seit Jahren nicht. Aber ich bin so verschreckt. Was
701 3726 3335 3878 soll man denn noch glauben? Ich wünschte, er wäre schon gesund vom
3316 3718 3366 3881 de
699 3859 3410 4014 Wörthersee zurück. A. sagte: "Heute sind es 75 Monate, dass wir uns
698 4006 3344 4134 den ersten Kuss gaben. " Ach, wie viel Leid liegt in diesen Jahren
694 4115 3539 4268 und wie leicht wollte ich unsere Beziehung anfangs nehmen. Ich glaube,
669 4280 3314 4429 wir würden jetzt sehr glücklich sein, wenn uns die O! nur in Ruhe
3499 122 3663 301 234
