3690 4698
3077 295 3164 395 2
2957 415 3336 568 17.4.26.
647 549 3406 756 sehr wüste Träume, und war von 5 Uhr an ganz wach. Immerhin ist es ein
589 706 3253 896 Fortschritt, dass ich doch im Ganzen drei Stunden geschlagen haben
603 859 3209 1017 dürfte und will mich auch heute bemühen ohne Mittel auszukommen.
990 949 3354 1174 Heute vormittag war ich in der Stadt, wo ichs mit Magda Kl.
600 1099 3356 1263 verabredet war. Wir machten gemeinsam ein paar Besorgungen und wurden
609 1264 3408 1406 vom Regen überrascht. Als ich mich in der Kolingasse von ihr getrennt
663 1369 3385 1526 atte, begegnete ich Frau Liechtenstern mit einem Herrn, der ihr Bruder
590 1483 807 1632 zu se
908 1546 3346 1683 schien. Sie grüsste überaus liebevoll und ich dankte ebenso.
970 1675 3351 1795 Heute Abend erwarte ich Hery, Carl und Fredy zum Nachtmahl.
616 1791 3439 1940 Morgen Nachmittag bin ich mit Emmy Erlanger und Byk, Montag Nachmitag
594 1902 3309 2018 bin ich bei Emmy Tolnay, Montag Abend sollen Otto, Emma und Frieda P.
588 2053 3347 2189 bei mir nachtmahlen. Dienstag soll Baron P., der mich heute anrief, zu
587 2187 3346 2340 mir kommen und ein weiteres Programm habe ich noch nicht. Freitag den
579 2284 3268 2450 23. oder Samstag den 24. möchte ich für 3 Tage zu meiner Schwester
580 2439 3288 2584 nach Mödling, aber nur bei gutem Wetter. Ich habe Sennsucht ein paar
556 2571 3469 2697 Tage in der Sonne zu liegen und spazieren zu laufen, ich bitte Dich aber
574 2686 3308 2816 jedesfalls alle Nachrichten in die Perigringasse zu adressieren, sie
579 2823 3258 2987 werden mir am selben Tag hinausgebracht. Es werden noch viele Tage
575 2968 3212 3126 vergehen, ehe ich von Dir höre und die grosse, grosse Entfernung, in
569 3057 3460 3225 der ich Dich weiss, hindert mich irgendwie so zu schreiben, wie ich gerne
552 3230 3210 3366 möchte. Vielleicht wird das andere sein, wenn ich erst einen Brief
602 3346 1614 3498 von Dir in Händen halte.
1001 3471 3400 3651 Indessen sende ich Dir tausend liebe und gute Gedanken und
565 3601 3356 3751 die innigsten Wünsche für uns Beide und unsere Liebe. Bleibe gesund.
562 3705 1990 3860 Einen langen warmen Auss von Deiner
2033 3784 2257 3938 C.K.
3422 95 3577 250 268
