3771 4710
692 293 1295 454 Tgb. 1.2.1930.
660 494 3369 677 1.2.Kühle telefonische Gespräche. Bergner heute Abend allein bei A.
657 651 3310 802 Er hat sie angeblich gefragt, ob er jemand dazu laden soll und sie
704 789 3402 908 hat begreiflicherweise Nein gesagt. Ich bin aber nicht jemand, den
661 937 3426 1081 man dazu ladet. Es wäre selbstverständlich gewesen, dass er mich dazut
698 1032 2444 1162 bittet. Aber ich habe ihm kein Wort gesagt.
663 1173 3439 1331 3.2. Gestern Mittag bei Ferda Bloch-Bauer zu Tisch, neben Tandler ge-
656 1314 3425 1447 sessen. Kluge Gespräche über Castiglione, Gemeindehäuser etc. Tandler
644 1430 2003 1560 sichtlich bemüht mir zu gefallen.
652 1591 3379 1743 Abend im Burgtheater bei "Paracelsus", "Kakadu", "Grosse Szene" mit
651 1702 3463 1859 A.,ynny,Ferry in einer Loge. Nachher mit ihnen, Prof. Julius und Gattin
655 1860 3406 1997 im Imperial. A. freundlich-kühl zu/mir. Wir sind enttäuscht über die
657 1951 3443 2135 mangelhafte Regie, schlechtes Spiel etc. "Kakadu" liebe ich sehr, aber
659 2089 3450 2210 es fehlt der Aufführung Tempo und der Gluthauch der Revolution in der
648 2211 1210 2383 Inszenierung.
667 2480 3369 2605 4.2. Merkwürdiger Winter, noch nie unter 3 Grad Kälte. Heute 7 Grad
631 2641 3457 2773 Wärme in der Sonne. Alles alles ist unnatürlich. Versuch an der "Cor-
625 2763 2195 2901 day" zu arbeiten. Die Tannten zum Tee.
638 2971 3319 3160 5.2. Sterbetag meiner Mutter - am Friedhof gewesen. Blauer Himmel,
634 3129 1514 3288 Frühling in der Luft.
632 3244 3469 3416 Seit gestern Abend bessere Stimmung! Bei A. ganz bestimmt Beginn einer
617 3424 3273 3581 zärtlichen Welle. Ich wage nicht mich zu freuen, bin schon zu ver-
632 3531 1027 3670 schreckt.
595 3738 3336 3891 6.2. Die Nebel steigen!! Lösen sich - es wird heller. A. sehr lieb,
619 3850 2526 3969 behauptet, ich weiss nicht, was ich ihm bedeute.
621 4021 3471 4186 7.2. Heute sind es 7 Jahre! Vormittag kam ein grosser herrlicher Flie-
618 4150 3374 4349 derstock und auf einer Karte "Tausend-Küsse". Ich bin so frohl Abend
3551 106 3682 255 27
