2793 3358
293 573 2310 733 bemerkt. Es tut mir schrecklich leid, dass ich Dir
292 759 2287 869 soviel Mühe mache, aber das geht nun nicht anders
277 866 1880 977 und ich danke Dir sehr, sehr für Alles.
289 1010 2213 1125 Wenn nur ein Exemplar nach Berlin muss so sende
287 1119 2206 1257 bitte das von Dir korrigierte, denn es ist viel
276 1264 2258 1372 verlässlicher –. Die Karten für Sonntag haben
284 1398 2332 1505 wir schon und ich freu mich riesig. Es wäre nur so
287 1527 2320 1631 gut wenn Ihr früher anfangen würdet, denn ich wäre
290 1665 2335 1794 desperat wenn ich vor Schluss weg müsste. Ich find,
293 1781 2265 1897 jetzt wo schon Frühling ist, kann man's auch für
285 1917 2193 2024 17 Uhr ansetzen. Nicht? Schau es hängt doch nur
277 2064 2277 2178 von Euch ab. – Wenn Du mir was zu sagen hast, ist
288 2163 2310 2327 es am besten schriftlich vor 7 Uhr Früh oder tele¬
290 2309 873 2430 fonisch um 13.
788 2426 2241 2582 Mit vielen Grüssen und innigem Dank
1826 2633 2004 2780 Bob
