3730 4679
510 492 3428 660 19.7. In der Früh kam A. wieder herein strich mir leich über das Haar,
522 683 3394 829 Trug mir wieder das Badezimmer an. Ich hatte sehr schlecht geschlafen,
522 809 3383 962 war müde. Während er allein spezieren gieng badete ich. Als er heimkam
520 891 3435 1043 bat er mich ihm aus meiner Biografie vorzulesen. strich mir dann wieder
517 1052 3514 1206 anerkennend über das Haar und erzählte mir er habe eine Karte von der Cl.
521 1162 3413 1316 aus Zöptau bekommen, und er habe nie gewust dass es ein Schloss dieses
512 1300 3499 1456 Namens giebt. Ich habe in der Früh beim Baden ein Couvert mit diesem Stem-
535 1445 3449 1581 pel gefunden oder richtiger ein Stück davon. Ich muss mich vergewissern.
528 1580 1663 1739 Dahinter steckt eine Lüge.
539 1685 3457 1865 Im Briefkorb 2Couverts mit dem Stempel Z. gefunden. Eines ist über Wien
533 1831 3447 1994 gegangen und dabel ist sie erst am 15 ten abgereist. Ich sage kein Wort
531 1959 1686 2132 aber ich leide unmenschlich.
541 2049 3458 2236 Prof. Schinnerer angekommen. Wir speisten zusammen u. N. M. während A. ar-
544 2230 3609 2379 beitete sass ich allein mit ihn in der Halle und sprach mit ihm im Interesse
548 2338 3535 2520 von A. Über Amerik. Verleger und über den Nobel-Preis den heuer angeblich
544 2520 3500 2662 ein Osterreicher bekommen soll. Wir wollen was möglich ist dazu tun, dass
531 2614 3567 2788 A. ihn bekommt. Sch. schreibt nach Amerika. Aber ich halt es für aussichts-
551 2785 710 2883 los
548 2877 3413 3015 20. Wieder ein Couvert mit Stempel Z. im Papier-Korb. A. schrieb V. M.
553 2984 3422 3140 in der Halle Briefe und trug sie selbst zur Post. Mittag musste ich ihm
544 3135 3591 3277 weiter Blogr. vorlesen, dann wieder ein Streicheln über mein Haar. Ich fün-
539 3286 2186 3407 le mich elend. Und draussen schüttet es.
539 3378 3491 3550 Zu Tisch Alma und Werfel. Beide glücklich sprühend heiter. A. sehr blass
546 3534 3592 3672 u. enerviert wenn er auch lacht,- er weiss genau dass er falsch zu mir ist.
555 3650 1985 3805 aber er ahnt nicht dass ich weiss.
556 3779 3591 3922 21.7. V. M. Spaziergang. Ich bemühe mich harmlos heiter zu sein. Correktur-
555 3889 3548 4048 Bogen meiner Aphorismen, die ich der Presse geschickt habe. Sie kommen ihr
553 4043 3561 4209 zurecht. -A Abend sehr blass klagt über Kopfschnerzen. Ich gehe zeitlich
556 4151 3614 4315 hinauf. Wieder ein Couvertim Papierkorb. Ich verbringe eine schlaflose Nach
539 4317 2029 4491 Mein Darm -Chatarr setzt wieder ein.
3530 122 3657 263 201
