3690 4703
580 212 1029 483 23.6.1925.
575 487 3267 620 Jetzt liege ich noch zu Bett, faulenze, die Sonne scheint. Ich freue
571 673 3372 782 mich, dass er nebenan schläft, es ist ein hübsches Gefühl (6 Uhr Früh).
568 773 3312 893 Bin lang gelegen. A. brachte mir Rosen von seinem Morgenspaziergang
574 939 3396 1041 mit. Um ist mit der Schwebebahn auf den Hafling, 1300 m hoch. Ich habe
588 1041 3280 1171 mich gefürchtet, es aber nicht zu sehr gezeigt. Oben herrliche Aus-
578 1167 3421 1271 sicht, nur leider unsicheres Wetter. Von Obermais nach Hause gebummelt,
597 1301 3257 1425 photographiert etc. Zwei Stunden geruht, etwas an der neuen Novelle
594 1433 3223 1542 gearbeitet. Wundervolle Spazierfahrt über Obermais. Kurze, heftige
582 1569 3426 1684 Verstimmung bei mir, weil A. in Baden-Baden die O. zum Gesang begleitet
586 1675 3383 1810 hat. Wie schön wäre es, wenn diese quälende Situation nicht wären. - Aber
577 1815 3029 1935 es soll eben nichts vollkommen sein. Abend trotzdem schön - -
580 1954 3226 2085 25.6. Vormittag Gilfpromenade. Besonders schöner Spaziergang. A.
575 2056 3254 2233 sprach viel von seiner Jugensgeliebten Olga Weisnix, mit der er vor
584 2208 3259 2352 30 Jahren gleichzeitig hier war. Ich verstehe nicht, dass man sich
575 2347 3376 2467 immer mit der Vergangenheit beschäftigt, wenn die Gegenwart schön ist.
581 2474 3305 2628 Nachmittag Abreise nach Bozen. Schwere Wolken hängen über der Stadt
590 2628 2825 2756 und irgendwie auch über uns. Ich frage mich, - wo fehlts?
569 2712 3303 2839 Sehr gemütliches Mittagmahl beim "Greif", dann zuhause komisches Ge-
582 2872 3295 2974 spräch zwischen Tür und Angel. Ich sagte A., er sei ein grosses Kind
581 3002 3375 3123 im Guten wie im Bösen. A. meinte unter vielem anderem: es stehe schon
581 3121 3252 3255 in der "Liebelei": "Wir hassen stets die Frauen, die wir lieben
582 3257 3257 3407 und lieben nur die, die uns gleichgiltig sind und das sei besonders
572 3396 3334 3498 bei Künstlern sehr stark, weil sie die erotische Gebundenhet störend
583 3529 3346 3637 empfinden und umso störender, je stärker diese ist" - - - Soll man
577 3623 1859 3787 sich da nun freuen oder ärgern?
555 3773 3314 3896 Besprechung mit dem uns empfohlenen Leutnant Steffenelli, mit dem wir
561 3915 3377 4058 die morgige Autobour machen sollen. Der Kapitän Bolzano, der sich uns
555 4044 3205 4171 in Meran für Autotouren angetragen hatte, war auch so sympathisch.
560 4168 3407 4317 Bei strahlend blauem Himmel erwacht. Der erste Tag seit meiner Abreise,
565 4291 3271 4421 der schön zu werden verspricht. Und um ½10 sollen wir die Autofahrt
3435 11 3558 116 A.
3432 96 3563 291 172
