3746 4638
2007 307 3596 476 St.Moritz 3.8.1930.Grand Hotel Victoria
1796 381 3001 528 (nach Wien XXI. Hochschulstr.)
662 498 3491 719 Liebe, wieder einmal ein regenschwerer verfrühter Herbsttag, eigentlich
630 621 3488 778 hätte man das Bedürfnis südlicher zu fahren, wenn das nicht so umständ-
631 743 3313 949 lich wäre. So hofft man auf den nächsten als auf einen Sonntag, der
644 875 3452 1053 verwöhnen soll. HeuteyMittag soll ich wieder bei Ludwig zu Mittag es-
674 1017 3367 1204 sen, heute mit der Witwe des Tropenforschers Schliemann. Gestern, es
704 1161 3429 1300 war nicht mehr zu vermeiden, hab ich im Privathotel bei Sachs de Re-
603 1297 3459 1468 n aus gespeist; es war ganz erträglich, viel von Hugo und Minnie; - sowie
653 1431 3321 1594 auch von "Mimi" - Frau Benedikt hatte sich damals eingebildet, dass
609 1571 3388 1729 mit Mimi die Minnie gemeint sei - und Hugo hatte Dich in Schutz ge-
611 1650 3335 1864 nommen. Wie sonderbar, dass diese Sache, die nun über drei Jahrzehnte
607 1796 2367 1966 lang vorbei ist, so heutig auf mich wirkte.-
609 1931 3317 2110 Am ersten Abend, dem Nationalfeiertag, mit Heini,Ruth in Prontresina,
622 2008 782 2089 in
599 2067 3282 2266 im Schlosshotel von Jakob (und Martha) geladen; am gleichen Tisch
600 2181 3290 2386 S.Fischers; [nachher sah man noch dem Tanze zu. (W.'s wollen heute
600 2309 1635 2472 noch nach Aussee zurück).
594 2457 3331 2636 Spaziergänge, so weit sie möglich sind, fast immer allein; - gelegent-
622 2590 3276 2768 lich eine Stunde mit Julius oder mit Heini. - Arbeit recht mässig,-
585 2728 3439 2957 bisher ohne Glauben, nur mit Zug beschäftigt; das Befinden könnte auch
574 2837 1084 2963 besser sein.
567 2971 3313 3163 Besprechungen aller Art: Rudolf Lothar, Direktor Altmann (Hannover,-
603 3107 3448 3306 der die deutsche Urpremière vom "Spiel der Sommerlüfte", bringen wird,-
578 3229 3371 3423 einer der Guild-Directoren New York), der Einnamen Weg inzenirt; Herr
555 3341 3193 3570 Stefan Auspitz (hier die Liebenswürdigkeit in Person), Dr. Richard
553 3487 3364 3672 Wolff (mit dem ich Carambole spiele), Frau Denige Heller, (die ich bis-
539 3643 3283 3814 her nicht kannte und die mir im Auftrag von Frau Clauser ein fran-
542 3733 3305 3930 zösisches Honorar von Stock überbrachte), Herr von Zsolnagh, der Ael-
541 3904 3273 4070 tere, der den hier im Hotel weilenden K Tolnay besuchte. Und andere
544 4007 3418 4241 mehr.- Im ganzen aber hat man überhaupt nicht den Eindruck von Saison:
524 4126 3339 4330 Victoria" - statt 300 Gästen hat 130; - das Stahlbad - statt 450, -150;
