3770 4711
395 322 1016 476 2. Wien 10 Aug
389 503 3525 648 schlag von mir (in Höhere Luft zu gehen) wurde von dir brüsk abgelehnt, -Süd
404 646 3447 802 Tirol, zu weit-Garmisch wegen der Erinnerungen an die "Schwägerin" nicht
387 814 3523 921 möglich.-Fulpmes unsympatisch, Meran, zu weit etc dann complettes unaufrich-
405 900 3456 1064 tiges Schweigen über das Sommer- Programm. Endlich Karte von Heini (die du
400 1059 2897 1198 offenbar erwartet hast) Aufforderung nach "Madonna" zu kommen.
384 1147 3500 1348 Es ist menschlich begreiflich dass Heini den Wünschen seiner Mutter Rechnung
390 1307 3461 1448 trägt, ja vielleicht - dem eigenen Wunsch, Euch am selben Ort zu sehn. Es
398 1427 3460 1576 hätte keiner groben und rücksichtslosen Antwort deinerseits bedurft, um es
396 1551 3482 1722 sich "nicht einfach so fügen zu lassen" wie Du diese Zusammenkunft nennst.
383 1706 3477 1862 Du hast mich gestern angeschrieen; ob du vielleicht hättest antworten sollen
401 1826 3405 1956 die Mutter müsse fort, sonst künst du nicht hin. Nein, solche Takt- und
384 1973 3485 2108 Geschmachlosigkeiten kannst du mir nicht zumuten. Es hätte genügt zu ant-
398 2097 3376 2232 worten "Madonna" sei dir zu weit oder nicht sympathisch (wie du mir ohne
394 2233 3364 2387 weiteres antwortest) und einen andern Ort unter hunderten zur Begegnung
388 2319 1706 2500 mit Heine vorgeschlagen hätten.
391 2485 3504 2643 Aber die Wahrheit ist das dir dieses Zusammensein in M. angenehm ist, und xxx
386 2613 2717 2773 dagegen Alles, was ich dabei empfinden könnte verblasst.
387 2737 3380 2869 Du sagst, - es ist keine Kränkung, es werde mir nichts fortgenommen. Das
386 2865 3441 2990 zu beurteilen steht nicht bei dir. Ich empfinde es so, kann es nicht anders
394 3004 3465 3136 empfinden. Du hast mir vielleich nichts weggenommen, aber vorenthalten.
373 3151 3478 3269 Alle jene Zärtlichkeiten und Rücksichten die du für deine Familie hast, - und
391 3275 3380 3369 dieser Umstand der früher zu Reibereien führte führe jetzt zu Katastrophen.
587 3386 3495 3557 Wir sind heute zwei einsame Menschen, unsere Kinder sind erwachsen gehen
367 3522 3418 3630 ihre eigenen Wege. Es wäre der Augenblick gewesen uns innige aneinanderzu-
2956 3586 3692 3725 in Diner Geistung angeblien
373 3666 3510 3809 schliessen. Ich habe es dir schon einmal gesagt, - die Erotik- (die heute) mein
371 3775 3489 3920 Monopol ist!) ist in unseren Jahren zeitlich begrenzt, heute müssten wir im
367 3911 3252 4041 Hintergrund dieser Erotik etwas anderes Strärkeres Dauerhafterg fühlen.
370 4031 3437 4216 Heimath, Zugehörigkeit das Bewustsein einer grossen gegenseitigen zeitlosen
366 4168 1893 4291 Liebe und Fürsorge eine fürs andere.
365 4271 3477 4451 Wie kann das aber sein wenn ich immer wieder die Schranken fühle die mir ge-
3552 104 3695 263 26
