3771 4654
735 249 1374 426 Tgb. 11.4.1931.
666 390 2986 550 Monjou, einer der besten Films, dann jeder für mich zuhause.
688 551 3298 737 13.4.Vorm. Stadt, mein Fuss mich sehr hinderlich. Abend bei A., wo
685 653 3333 853 Herr Altdie Lampe vorführte (Hängelampe). A. benahm sich grotesk,
686 789 3443 968 aber ich behielt Haltung, der Arme weiss ja nicht, was er will. Als A.
729 941 3458 1115 einen Augenblick aus den Zimmer ging, sagte Herr Alt zu mir: "Erlau-
694 1053 3305 1222 ben Sie mir, gnädige Frau, Ihnen zu sagen, dass Sie mich entzücken."
676 1159 3413 1385 Ich antwortete: "Nein, ich erlaube nicht." worauf er murmelte: "Ver-
686 1307 3430 1512 zeihen Sie mir! -Komisch, aber ich glaube mancher würde sich wundern,
718 1424 1650 1598 wenn er A. zuhörte.- -
663 1622 3284 1777 14.4.Mit A. in der Stadt, der mich damit offenbar belohnen wollte
717 1726 3390 1906 wegen gestrigen guten Verhaltens, aber er sah so furchtbar schlecht
666 1876 3346 2041 aus, dass sich mir das Herz zusammenkrampfte. Die O. hat ihn in der
665 1980 3350 2167 Früh angerufen und ihm über die Ehe Heinis Ungünstiges mitgeteilt.
652 2120 2577 2297 Wozu? Dieses Weib will sich nur wichtig machen.
639 2211 3246 2443 Abend zuhause, bin müd und traurig, Wetter elend.Mittag bei Carry.
648 2403 3375 2527 15.4. Lange bei Carty, der sehr vergnügt ist, obwohl er gestern Abend
625 2526 3253 2676 37.4 hatte. - Abend mit A. Kino "Blauer Express", kein sehr guter
640 2627 3283 2795 Film, Nachher Pilsenetzer (Hotel Regina) genachtmahlt. A. kalt und
647 2752 3324 2950 nervös, die Luft eisig. Abend im Bett langes telefonisches Gespräch
673 2897 3397 3047 mit Egon Wellecz über Carty. Corry hat mir erzählt, dass die Familie
666 3031 3407 3216 W. mich jetzt mehr schätzt, bei Egon sei es schon immer der Fall ge-
639 3135 2540 3301 wesen, aber jetzt habe mich auch Emmy sehr gern.
622 3290 3472 3504 16.4. Vormittag in der Stadt herumgekumpelt (mit Fusschmerzen) wieder
638 3438 3322 3625 wegen Frühjahrskleidern, habe zu nichts Lust. Bin grenzenlos müd. Um
622 3526 3383 3745 6 A. auf eine Stunde, allerlei Gespräche, sieht etwas besser aus. Beim
608 3667 3373 3873 Fortgehen hauchte er einen Kuss auf mein Haar und war ärgerlich, weil
614 3787 3301 4006 ich etwas spöttisch lächelte. Wie oft lächle ich nicht und verzieh
616 3937 1173 4073 keine Miene.-
646 4037 3407 4278 Ich weiss nicht, was ich habe, ich bin doch so glücklich, dass es Garry
3530 96 3693 275 162
