3754 4671
1942 363 2453 482 Wien, 4.8.1937
1948 424 3259 600 (nach Bad Gastein,Villa Wasing)
498 549 3346 727 Liebe, ich danke für die Karte und wäre über ausführlichste Nachrichten
509 709 3419 831 froh. Ich erwarte Nachricht aus Vent, Berlin, aus Mailand; - habe Gmunden
502 842 3110 967 Innsbruck,Zell a. See zur Wahl gestellt und denke Donnerstag oder
436 966 3350 1084 Freitag jedesfalls abzureisen: am bequemsten wäre mir natürlich Gmunden
506 1101 2703 1218 (von wo ich eben eine Karte von Horch erhalten habe).
497 1232 3306 1358 Gestern Mittag war die Hofrütin sowie Schinnerer bei mir; Frau Termin
496 1341 3302 1467 holte die Hofrätin zu einem Rendezvous mit Beer ab. Heute kommt Fami-
481 1482 2743 1598 lie; - Ferry ist erst gestern aus Aussee zurückgekommen.
495 1602 3023 1736 Sobald Ziel und Datum der Abreise feststeht, telegraphiere ich.
793 1739 1885 1900 Ich grüsse Dich tausendmal
1837 1875 2074 2017 Dein
2123 1998 2206 2137 A
1788 2138 1887 2315 --
3490 112 3634 328 20 b
