3759 4670
1796 325 3171 495 Gmunden, 18.8.1931. Hotel Austria.
1776 445 2781 565 (nach Gastein,Dr. Wasing)
635 531 3291 665 Mein liebes Kind, Dein Telegramm habe ich zu Mittag erhalten, -nach
593 692 3323 836 dem Brief, der morgens kam und auf eine ruhigere Stimmung schliessen
645 855 915 957 liess.
639 952 3294 1082 Wie mir auch die Deine zu sein scheint und wie die meine ist wäre
620 1086 3288 1204 thatsächlich eine Begegnung in Gmunden innerhalb der nächsten Tage
583 1179 3296 1370 nicht sehr sinnvoll noch aussichtsreich; - was Du vor hast geht aus
631 1369 3336 1471 Deiner Depesche nicht hervor; - einen Grund, dass Du mir's verhehlen
599 1475 3210 1579 willst, sah ich ehrlich nicht ein. Was mich anbelangt, so fahr ich
653 1616 3240 1727 wohl Sonntag oder Montag nach Wien und ich hoffe, wenn ich früher
623 1717 3171 1862 nichts hören sollte, dort eine Nachricht von Dir zu finden.- Für
653 1841 3204 2000 heute vermag ich nicht mehr zu sagen, als dass ich Dich in aller
654 2000 2932 2173 Innigkeit und mit allen guten Gedanken vielmals grüsse.
1529 2124 1745 2270 Dein
1778 2257 2088 2416 Arthur.
1728 2405 1826 2550 --
