3690 4694
3074 250 3143 366 2
2504 376 2970 521 16.3.1925.
566 553 3327 727 ung, aber dazu findet sich keine Gelegenheit. Das Wetter ist auch ganz
622 742 3195 896 trostlos und alle Gedanken an Sonne und Frühling wieder in weite
573 853 1164 1002 Ferne gerückt.
1154 979 3319 1094 Euen telefoniert mir meine Schwägerin Hedwig, ich soll
597 1123 3160 1266 nach der Tedy noch auf einen Plausch zu ihr kommen. Ich will in
613 1238 3360 1379 dieser Woche alle Weiberbesuche absolvieren, von denen der bei Hedwig
675 1370 3390 1493 eitaus der angenehmste ist. Morgen steht Mizi Kaschenreuter, mittwoch
591 1530 2229 1662 Emy Erlanger vorläufig auf dem Programm.
1142 1652 3321 1771 Die "Epistola" lese ich mit grosse Ergriffenheit. Es
584 1754 3408 1932 ist mir allerdings unbegreiflich, wie man so im Bann eines andern Men-
584 1905 3394 2038 schen sein kann, den man doch ganz klar sieht und verachtet. "Der Ball
579 2003 2507 2127 des Grafen d'Orgel" sagt mir bisher nicht viel.
1127 2176 3362 2298 Die kleine Schatulle, die ich Dir mitgab, ist als Behäl-
588 2304 3387 2409 ter für Knöpfe, Schlüssel etc. während der Nacht gedacht und eventuell
590 2437 3076 2559 auch für Zigaretten zu verwenden. Hoffentlich benützt Du sie.
591 2562 3279 2679 Nun leowohl, mein Liebes, bleib gesund und denk ein bisserl an mich.
578 2690 1395 2822 Es küsst Dich Deine
1505 2799 1723 2936 C.K.
3421 116 3582 293 154
