3759 4687
684 305 1270 473 Meine Antwort
424 429 893 616 30 Aug 1931
559 640 1239 812 Mein liebes Kind
405 763 3393 921 Ich würde gerne auf Deine wenigen Worte eben so kurz erwiedern, aber ich f
402 888 1822 1087 fürchte es wird mir nicht gelingen.
410 1027 3465 1199 Ich bin in diesen einundeinhalb Jahren, durch eine solche Fülle von Leiden ge-
399 1194 3516 1358 gangen, dass meine psychische Ver fassung nicht mehr normal zu nen-
408 1307 3478 1434 nen ist und damit möchte ich meine Haltlosigkeit am gestrigen Abend entschul
396 1455 3284 1601 digen, eine Haltlosigkeit die sonst nicht meine Art ist aber durch mein
394 1601 3485 1711 nere Gebrochenheit mit einigem Verstehen wol zu rechtfertigen wäre. Aber wie
397 1703 3413 1865 immer - es war eine Schuld, dass ich hinüber kam und eine noch grössere
401 1839 3401 1990 dass ich meiner Empörung nicht Herr zu werden vermochte. Das ist aber auch
408 1947 3569 2111 Alles dessen ich mich schuldig fühle, so tief ich auch in mich hinein schaue.
566 2104 3414 2242 Ich bin von Dir fortgegangen, weil ich diesen ewigen Scenen ein Ende
416 2234 3468 2387 bereiten wollte und weil ich in einer Atmosphäre von Lüge Heimlichkeit und
398 2347 3534 2542 Unaufrichtigkeit nicht zu existieren vermag. Dr D. hat es versucht mir plau¬
417 2460 3491 2619 siebel zu machen, dass noch Alles gut schön werden kann. Er hat
420 2598 3503 2765 sich mit ehrlichem Herzen und mit wirklicher Wärne die ich ihm nie vergessen
412 2756 3429 2911 werde um die Neu- Belebung dieser Beziehung benüht. Sene Bemühungen haben
420 2902 3480 3066 an deiner inneren Einstellung und an meiner physischen und psychischen Ver-
416 2979 1072 3143 fassung versagt.
410 3116 3485 3318 Als du nach einer Trennung von vier Wochen, (und nach Allem was diesen Vo-
400 3278 3483 3397 rangieng) in mein Zimmer tratst und mich kühl frugst- was ich zu tun geden-
402 3413 3364 3572 ke wuste ich, dass nichtsmehr zu hoffen war und diese Hoffnungslosigkeit
444 3484 3550 3688 wollte ich mit dem Tod auslöschen. Nicht meine Schuld, dass es mislungen ist.
395 3666 3450 3820 Kaum aber begann ich wieder zu athmen, - standest du an meinem Bett mit den
415 3774 3368 3955 Programm "Freundschaft Freiheit". Und ich bin so müde gewesen, dass ich
413 3910 3402 4063 jetzt bereit war darauf einzugehen, wenn es eine Freiheit in jenem Ausmaas
418 4028 3493 4239 ist, dass Eines dem Andern zugestehen und eingestehen kann ohne zu kränken
404 4163 1213 4369 oder zu verletzen.-
450 4293 3466 4494 u schreibst in deinem Brief: Umsomehr als ja für keinen von Beiden eine Vor-
3511 48 3618 238 22
