3823 4783
695 544 3497 711 sechs Wochen.- Du sagst am Schluss Deines Briefes: "Schreib mir immer
669 679 3421 792 so lieb". Das will ich gerne tun, es liegt mir mehr, warm und herzlich
661 808 3299 935 zu Dir zu sein als reserviert. Es entspricht mehr meinem ganzen
653 916 3427 1077 Wesen. Aber es muss eine gewisse Gegenseitigkeit vorhanden sein, sonst
656 1056 1664 1198 schäme ich mich einfach.
653 1216 3430 1310 Ich fühle mich hier sehr wohl. Ich wohne im Goethezimmer! Man hat es
656 1319 3298 1482 mir ganz von selbst angewiesen und das macht mich ganz stolz. Es
641 1483 3340 1570 haben ja viele tausend Menschen in diesem Raum seither gewohnt und
646 1600 3412 1753 doch sage ich mir allabendlich, wenn ich mich in dem schmalen Empire-
663 1737 3376 1887 bett ausstracke, dass Goethe in diesem selben geatmet, gedacht,geruht
648 1829 3304 2024 hat und wenn ich über die schönen alten Möbel streiche, dann denke
653 2012 3502 2151 ich, vielleicht hat irgend eine Stelle vor mir nur seine Hand berührt.
703 2146 3255 2285 - Meine Nerven sind übrigens noch immer in keinem einwandfreien
641 2256 3518 2404 Zustand. Als ich vorgestern an der Türe von Goethes Sterbezimmer stand,
647 2388 3364 2495 stürzten mir plötzlich die Thränen aus den Augen, so dass alle Leute
636 2532 3257 2664 mich verwundert ansahen. Dieses Unbeherrschtsein vor Fremden ist
643 2621 1552 2764 sonst nicht meine Art.
636 2779 3371 2906 Ich weiss übrigens nicht, ob mich alles hier so ergreifen würde, wenn
637 2900 3479 3056 ich nicht die Beziehungen zwischen uns wären. Es ist wie ein Zusammen-
672 3054 3443 3190 hang in alledem. Wissen wir denn immer ganz genau, wo die Wurzeln un-
647 3151 1764 3306 serer Empfindungen stecken?
634 3305 3329 3436 Vielleicht hätte ich Dir das alles gar nicht sagen sollen, aber nun
634 3426 2540 3576 steht es einmal da und ich nehme nichts zurück.
638 3565 3309 3717 Wenn Du mir express schreibst, erreicht mich Deine Antwort noch vor
624 3709 3362 3821 meiner Abreise. In Baden-Baden bleibe ich höchstens 10 Tage, denn es
635 3825 3445 3984 ist mir dort zu teuer.600.000 Mark im Tag - und wähle dann einen bil-
664 3948 3439 4088 ligeren Ort, hoffentlich Feldberg. Ausser Nachrichten von Dir stossen
626 4071 3522 4206 alle Pläne um. Ich sende Dir ein kleines Epgeublatt, das ich bei Goethes
603 4200 693 4320 G
674 4207 3227 4324 artenhaus für Dich und mit lieben Gedanken an Dich pflückte und
679 4297 2127 4389 küsse Dich. Deine Clara Katharina.
675 4334 3439 4504 Es bedrökt mich sehr, dass Du Dich mit so grauslichen Dingen und Men-
676 4446 2660 4584 schen herumschlagen mu st. das muss anders werden.
3546 113 3667 281 36
