3771 4703
2268 312 3080 453 2xxx 25.8.28. Bl.2.
623 492 3482 666 können als diesen leicht erreichbaren Höhenort. Der Zweck ist erfüllt.
618 640 3478 778 Ich sehe besser aus, der Sceneriewechsel hat mir sicher in einem gewis-
649 790 3310 908 sen Sinn gut getan, aber glücklich oder auch nur froh bin ich keine
623 930 3479 1055 Stunde gewesen, aber oft das Gegenteil, daher ist es doch ganz belanglos
658 1029 1897 1170 ob ich zwei Tage länger bleibe.
