3690 4694
2030 322 2697 436 Wien, 27.12.1928.
575 379 1275 526 An A.S.,Berlin.
1972 373 3018 532 XIX. Hochschulstrasse 16.
568 656 998 787 Liebster,
951 777 3318 909 es war sehr, sehr lieb von Dir mir gestern gleich den Flie-
573 917 3312 1028 der und die Rosen herüberzuschicken - ich habe mich so gefreut und
599 1053 3314 1189 gleich alle Stiele mit einem Messer unten gespalten und in Salzwas-
586 1177 2592 1307 ser gesteckt, damit sie sehr lange frisch bleiben.
936 1300 3346 1443 Das Nachtmahl mit Hery und Fredi war ganz gemütlich. Es hat
584 1438 3341 1553 ihnen geschmeckt und sie fühlten sich sehr wohl. Gestern Abend setz-
585 1584 3158 1668 te noch Tauwetter mit lebensgefährlichem Glatteis ein. Viele
587 1711 3368 1832 Unglücksfälle, der Zustand der Wiener Strassen ein Skandal, wie Du den
594 1856 2048 1964 empörten Zeitungen entnehmen kannst.
974 1957 3261 2088 Heute ein langes Gebrodel im Bett. Später Inspektion der
576 2089 3145 2239 Küche und des Mädchenzimmers. Moralpredigt an Sophie über ihre
581 2239 3136 2348 grenzenlose Schlamperei. Ich glaube nicht, dass das lange währen
588 2378 3175 2508 wird. xxx xxx Um die Mittagszeit kurzer Spaziergang bei
545 2509 3271 2626 mildem Tauwetter und Sonnenschein. Begegnung mit Ehepaar Salten in
559 2625 3372 2754 der Nähe meines Hauses. Sie kommen Donnerstag den 3. zum Thee. "Otti"
577 2765 3167 2858 trug ein Pintscherl an ihren Bauch gepresst, nur der Kopf sah auf
572 2851 3340 3010 ihrem Nerzpelz hervor. Symbol der Thierliebe im Hause Salten. Mittag
572 3008 3211 3117 rief ich Sil Vara und Frau Esapo an. Sie kommen. Er war besonders
610 3141 3346 3239 liebenswürdig und sagte, er habe mich schon anrufen wollen, um mir zu
569 3278 3386 3397 erzählen, dass er jetzt alle Stücke, die er im Laufe dieses Jahres nach
562 3373 3339 3560 Amerika geschickt hat, bis auf 3 zurückbekommen hat, die in die engere
568 3536 3214 3667 Wahl gezogen werden. Unter diesen dreien ist auch das meine. Wenn
569 3634 3288 3759 es auch noch nichts Positives ist, so spreche das doch sehr für mein
542 3780 3323 3906 Stück. Ich bin überzeugt, dass man es schliesslich auchablehnen wird,
565 3908 2075 4042 aber immerhin zögert man "ehrenvoll".
1081 4048 3233 4186 Zu einer richtigen Tätigkeit bin ich heute noch nicht
562 4201 3246 4329 gekommen. Es ist noch etwas Unruhe, Nervosität und physisches Unbe-
