3702 4658
2153 244 3032 460 Wien, 1.1.1930. Abends.
530 308 1361 470 An A.S. nach Berlin.
545 577 961 692 Liebster,
1064 717 3273 830 ich danke Dir sehr für Deine schönen Blumen, die um die
548 814 3313 966 Mittagszeit kamen und den Anruf heute Früh. Auch Dein Brief vom 30.,
559 969 3202 1095 die erste schriftliche Nachricht seit Deiner Abreise, ist im Laufe
558 1085 3288 1204 des Tages eingetroffen. Zwinge Dich nur ja nicht zum Schreiben, wenn
560 1232 3312 1337 es Dir kein Bedürfnis ist. Man soll sich überhaupt zunichts zwingen.
558 1317 3207 1482 Ich war gestern den ganzen Abend allein zuhause
570 1481 3283 1636 und bleibe es auch heute. Einen Moment dachte ich daran in ein Kino
552 1605 3328 1726 zu gehen, aber fast ist mir die Stille um mich herum lieber. Ich habe
561 1747 3148 1888 schon zwei Bände "Christin Lawrence Tochter" gelesen. Anderthalb
544 1880 3250 1996 Bände habe ich atemlos verschlungen, gerade wie in "einer Jugend den
583 1994 3311 2147 "Ekkehard", aber dann zieht es sich, bleibt immer dasselbe, ermüdet und
555 2118 3360 2253 man hat genug vom Mittelalter, der stilisierten Schreibweise, dem endlo-
559 2284 3410 2430 sen Getue mit Sünden.Vergeltung, Bigotterie und religiösem Quatsch. Ich
543 2396 2105 2515 lese es nur aus Pflichtgefühl zu Ende.
1077 2534 3404 2676 Zu Tisch waren meine alte Tante Clara, Anna, Maria,Cary und
539 2652 3319 2806 Magda hier und damit haben meine Festlichkeiten im Haus auf längere
544 2774 3232 2898 Zeit ein Ende. Dies musste sein, aber es ist mir mit diesem Mädchen
553 2917 3358 3052 zu mühsam und überhaupt zu kostspielig so oft einzuladen. Gestern lag
563 3060 3290 3162 ich schon um ½10 im Bett, nahm ein Phanadorm, um bestimmt bald einzu-
550 3181 3348 3289 schlafen und bat meine Geschwister und meine Kinder mich ja nicht an-
539 3296 3277 3433 zurufen. Morgen sind ja die Feiertage überstanden. Für die nächsten
551 3448 3293 3580 Tage habe ich allerhand vor. Morgen rede ich in erster Linie mit Be-
554 3570 847 3682 nedikt.
833 3624 3321 3746 Nochmals alles Gute für das Jahr 1930. Bleibe gesund und werde
537 3762 3250 3886 noch gesünder und fröher vor allen Dingen. Es umarmt Dich Deine C.K.
552 3914 3343 4049 Minna brachte mir von sich und Marie wunderschöne langstielige Rosen.
526 3974 3306 4126 Die Fasane hatte sie schon Deiner Familie geschickt, worüber ich sehr
545 4047 946 4197 froh war.
3494 63 3575 236 10
