3686 4694
581 354 1637 483 An A.S. nach Venedig-Lodo.
2345 357 2993 549 Wien, 11.9.1927.
566 560 989 675 Liebster,
1133 694 3311 815 heute Mittag kam Dein Expressbrief an, dem ich mit ei-
574 831 3306 985 nigem Damgen entgegangesehen habe. Er sagte mir nichts Neues,nichts
582 959 3221 1093 Anderes. Es ist immer, als redete ich an Deinem Herzen vorbei. Was
622 1091 3271 1229 soll ich antworten, was beschliessen? Womit tue ich Dir und mir am
551 1195 1163 1329 wenigsten weh?
1135 1367 3387 1473 Du sagst: "Es wurden grössere Opfer von liebenden Frauen
609 1482 3143 1635 und um geringerer Werte willen gebracht.“ Zugegeben. Aber haben
610 1632 3267 1762 nicht grosse, bedeutende Männer für (vielleicht schönere), aber si-
570 1741 3169 1897 cher nicht bessere Frauen mehr Gefühle verschwandet,im wahrsten
566 1865 3330 2020 Sinn des Wortes? - Mit Beispiehen kommen wir nicht aus, es kommt doch
567 2007 3251 2107 immer auf die Beteiligten an. Gewiss verstehe ich, dass es eine Er-
560 2114 3376 2247 leichterung Deines Lebens bedeutet, dass Zwist und Gehässigkeiten zwi-
545 2251 3198 2418 schen Dir und C. aufgehört haben und ich hätte sicher aum nichts
545 2368 3275 2528 gegen fallweise Gespräche zwischen Euch, wenn sie nicht die wäre, die
553 2530 3313 2693 sie nun einmal ist:hemmungslos und geschmacklos in allem, was sie tut
553 2644 3271 2821 und spricht. Wenn sie nur einen Funken Zartgefühl hätte, so würde sie
562 2769 3255 2944 sich nicht jetzt wieder in den Cottage hinaussetzen. Frau Schneider
542 2909 3438 3057 ist keine genügende Begründung und man darfosich das Leben nicht gar so
532 3030 3282 3210 bequem machen. Sie hätte ihre Freundin auch in einem anderen Bezirk
548 3164 3351 3303 Wiens treffen können. Aber nicht um das handelt es sich, was sie hätte
541 3299 2307 3446 tun sollen, sondern, was aus uns werden soll.
1087 3408 3222 3603 Sieh, mein Kind, damit Du siehst, dass es bei mir nicht
540 3548 3364 3694 Staarsinn, nicht Einsichtlosigkeit ist, will ich Dir sagen, was ich möch-
526 3670 3215 3852 te. Ziehen wir durch diese letzte Zeit einen dicken Strich und be-
524 3820 3244 3946 ginnen wir mit reinem, frohem, zuversichtlichem Herzen eine neue Zwei-
542 3943 3361 4094 samkeit, so als ob wir uns vor ein reines weisses Blatt setzen würden,
528 4094 3160 4259 um eine frische, wunderschöne Arbeit zu beginnen. Nur dass wir auf
518 4223 3163 4400 dieses Blatt Beide gemeinsam mit guten Gefühlen schreiben müssen,
