3743 4598
576 316 800 465 1928
1460 280 2007 524 Tagebron
566 487 3212 658 3.8. Die ganze Nacht kein Auge geschlossen. Fühle mich elend. Um
583 634 3276 795 11 mit 0.'s gütiger Zustimmung bei A. Ergreifendes Wiedersehen.
600 793 3439 925 Sein Schmerz zerreisst mir das Herz, aber sein Verhalten gegen mich ist
596 906 3354 1023 so verletzend, dass ich alle Kraft aufbieten muss, nicht fortzulaufen.
603 1015 3274 1165 Während er meine Hände küsst und sie streichelt, erzählt er, dass er
627 1162 3338 1298 noch mit Heini in die Berge gehen will und 0. auch hinkommt. Diese
582 1274 3366 1428 Schwäche, diese Feigheit! irgendwo fühle ich mich bei all dem
578 1415 3490 1561 gürenzenlosen Mitleid mit ihm, angeekelt. All dieses Lawieren mit Gefüh-
583 1574 3364 1714 Neen, Erotik, falschen Einstellungen, kein grades Empfinden. Darüber ist
591 1700 2071 1835 auch dieses Kind zugrunde gegangen.
601 1818 3491 1958 Irgendwo hat er auch den Wunsch nach einer Annäherung zwischen der O. und
583 1953 3536 2102 mir und ich war schon bereit sie heute Mittag zu erwarten. Dann fürchte-
643 2096 3307 2249 te er sich wieder vor einer Szene und meintemvielleicht nächstens.
609 2241 3302 2377 Wozu überhaupt? Zwischen ihr und mir eine Welt. Nie können wir uns
610 2377 1772 2500 Wahrlich die Hände reichen.
609 2488 3481 2622 4.8. Abend. Bei Frieda. Viel gesprochen. Er will durchaus, dass ich mich
591 2615 3496 2763 erholen fahre. Ich weigere mich. Eigenes Geld habe ich nicht, und seines
600 2727 2362 2903 will ich nicht.- Mittag die Kinder bei mir.
597 2875 2720 3023 5.8. Melancholischer Spaziergang mit ihm im Prater.
601 3033 3517 3186 6.8. Ich bin mit meinen Nerven fertig. Debatten via Frieda. Er erklärt,
598 3160 3558 3284 er liebt nichtsbraucht mich, wenn ich ihnverlasse, geht er an dem Konflikt
595 3303 3395 3438 zugrunde. Alma M., seine Schwester Gisa, Dora M. aus Berlin bei ihm und
612 3386 1993 3564 ich soll ruhig zusenen und warten.
630 3504 3364 3676 Und keine Entwort von Ullstein. Geld! Wie nötig wäre das jetzt. Den
605 3664 3514 3796 ganzen Vormittag in der Stadt zwei antike Fächer zu verkaufen versucht.
602 3803 957 3921 Umsonst.
623 3905 3525 4099 8.8. Vormittag mit A. im Dornbacher Park. Singende Kinder zogen vorbei.
602 4063 3445 4225 Er weinte und ich meinte mit ihm. Und doch ist Erbitterung in mir ge-
589 4212 3403 4388 gen dieses 18jährige Wesen, das zu gar nichts taugte. Interessant, ja -
3500 81 3628 242 13
