3742 4671
1990 301 3266 431 Baden-Baden,Hotel Gunzelmanhof
2180 393 2621 520 28.6.1924.
2096 488 2573 639 (nach Wien)
607 605 3412 753 Ein paar Worte, Liebste, noch ehe ich in die Stadt gehe telegraphieren.
560 746 3340 884 Die Reise war nicht sehr gut; ein Schlaflosigkeitscoupé; der Tag von
559 912 3443 1038 München bis Baden-Baden (entsetzlich heiss, unerträgliche Kopfschmerzen,
572 1045 3188 1141 mit denen ich auch noch ankam.) Am Bahnhof wurden wir erwartetst;
3261 1050 3423 1151 acht.
604 1176 2479 1277 mahl in der xxx xxx Herchenbachstrasse
3011 1169 3432 1296 wenigsten:
564 1240 2503 1441 harmlose Gespräche über die Lage des Hauses, de
2962 1304 3360 1429 der Terras
567 1410 2660 1557 se aus entzückt mich wieder. B.-B. noch recht leer;
2697 1412 3332 1568 auch das Hotel,
541 1540 3361 1680 in dem ich wohne, und eben, als Einziger, in der Glasveranda frühstücke.
561 1677 3442 1789 In der Nacht ist ein heftiges Gewitter niedergegangen, jetzt ist es ganz
546 1802 3445 1925 kühl, mit feinem Staubregen. Schon die bisherigen spärlichen Erfahrungen
557 1952 3334 2078 beweisen mir, dass es hier durchschnittlich doppelt so theuer ist als
590 2081 3417 2215 bei uns - Lektüre auf der Reise: Proustweiter- (dann in den Novelles
551 2193 3278 2345 littéraires, aus denen ich übrigens entnehme, dass Marcel Proust Jude
542 2314 1621 2488 ist), -Novellen von Lucka.
554 2429 3273 2579 Nun auf in die Stadt; ich will gleich, wenn's zu regnen aufhört,- der
544 2592 3325 2724 Himmel lichtet sich ein wenig - indie Wälder vom vorigen Jahr (wo es
588 2724 2476 2855 uns übrigens heute "jedenfalls" zu nass wäre).
631 2850 1961 3001 Sei zärtlich umarmt, mein Liebes,
1743 2954 1956 3116 Dein
1963 3138 2038 3264 A.
3486 114 3602 300 59
