3686 4667
2717 479 3112 636 6.8.1925.
594 575 1242 736 aufgehört habe.
951 724 3273 886 Ich habe um 10 Uhr gefrührtückt, mich über Karl geärgert,
624 872 3246 1012 die um 10 Uhr noch im Bett lag, bin in die Stadt gewandert, in die
593 1006 3307 1126 Bank, um Geld zu holen in die Apotheke, Mittel gegen Mückenstiche be-
597 1145 3276 1302 sorgen. Ich habe am linken Arm allein 12 Beulen und zwei Stiche im
592 1262 3280 1404 Gesicht - du kannst dir denken, wie wütend ich bin. Man gab mir ein
579 1356 3303 1541 Zitronenöl, mit dem man sich in der Nacht Gesicht und Arme einreiben
573 1493 3271 1719 soll, um durch den Duft die Mücken abzuhalten. Vederemo: Um ½12 war
581 1655 3179 1797 ich im Bad. Der erste Moment übertaucht, war es sehr angenehm und
575 1785 3360 1969 tat mir ausgesprochen gut. Ich verstehe übrigens nicht, wie das kommt;
582 1893 3296 2092 während ich im Wasser ganz rote Wangen bekomm, gar nicht friere und
546 2043 3320 2209 nachher ein wundervolles Gefühl habe, wird Karl grasgrün und klappert
559 2191 3291 2368 mit den Zähnen. Und wenn er nachher schon eine Viertelstunde in der
562 2296 3353 2479 Sonne liegt, so hat er noch eine grüne Haut und zittert. Meine Ermah-
560 2402 3395 2595 nung nicht lang im Wasser zu bleiben, stösst natürlich auf Widerspruch.
554 2563 3276 2711 Es ist Überhaupt sehr schwer mit einem so erwachsenen Menschen, und
570 2696 3286 2835 unser Beisammensein lange nicht so erfreulich, wie ich gedacht habe.
1062 2848 3402 2994 Gestern erzählte eine Dame, dass der Ausflug an den Ledro-
542 2948 3267 3119 See sehr schön sei, dass aber die Strasse sehr sehlecht, sehr schnal,
543 3078 3295 3267 teilweise noch unfertig ist. Daraufhin erklärte Karl diese Fahrt ma-
515 3197 3309 3412 chen zu wollen. Als ich anderer Ansicht war, wurde er gereizt und ich
535 3351 3255 3526 sagte ihm, dass er tun solle, was er für gut hält, da er ja ein er-
534 3460 3343 3659 wachsener Mensch sei, dass ich aber keinefalls mitkomme, meine Nervosi-
533 3583 3144 3754 tät ihm und mir die Fahrt verderben würde. So ist er heute trotz
527 3723 3279 3923 völlig unsicherem Wetter um 3 Uhr fortgefahren. Ich kann nicht sagen,
531 3831 3245 4032 dass mich das freut. Ich glaube, selbst die besten Kinder haben eine
527 3986 3230 4185 Art Feindseligkeit gegen die Eltern und was noch betrüblicher ist, -
500 4117 3161 4311 sie wittern immer Feindseligkeit bei uns, wenn man nicht alles gut
3432 113 3580 234 184
