3755 4694
436 347 3555 552 pflichtung zu Rechenschaftsberichten kann ich vertragen, so wenig meine Exa-
444 503 3487 702 enz dergleichen zu scheuen hätte. Aber es ist gewis dass diese aussichtslo-
387 666 3398 776 sen und überflüssigen Discussionen unbeding aufhören müssen, die je öfter
384 790 3442 922 sie sich wiederholen, immer sicherer in tiefe Zerstörungen und Verstörfungen
392 873 3518 1042 für uns Beide auslaufen. Und wenn ich dich bitte mein Kind diese ewigen Ein-
368 1028 3508 1228 griffe in mein Selbstbestimmungsrecht zu unterlassen, bin ich mir in meinem
379 1176 3521 1311 Gewissen tief bewust, dass ich damit kein Opfer von dir verlange (und wie vor
384 1297 3346 1450 viel grössere,- wirklichere sind von liebenden Frauen, - um geringerer Werte
376 1406 3308 1574 willen gebracht worden) - sondern dass ich damit einfach an deinen gesunden
366 1549 3489 1753 Menschenverstand apelliere. Nein ich will nicht gute Stunden mit bösen erkau-
362 1673 3445 1861 fen, das haben wir Beide nicht nötig, -ich wünschte dass keine bösen mehr kom-
350 1793 3438 2000 men. Ich habe mein Dasein- mehr als je, - und aus immer dringenderen Gründen,
357 1945 3451 2140 auf geistige Arbeit zu stellen- mein Herz, meine Seele und mein Kopf müssen
365 2058 3314 2250 in reinerer Luft athmen es geht nicht an dass ich immer vor Gewittern und
737 2156 848 2239 zu
353 2205 3407 2376 Stickluft zittern habe- Du musst wissen fühlen dass ich von dem was ich zu
348 2318 3433 2537 geben im stande bin (so viel oder so wenig es sei) durch verkehr mit andern
350 2446 3383 2647 Menschen, wer sie auch seien, und auch durch mein gelegentliches Bedürfnis
355 2590 3343 2768 nach Einsamkeit, absolut nichts genommen wird und dass ich in keinem Fall
348 2734 3352 2911 mehr oder Besseres oder Echteres gebe, wenn ich mich aus Ermüdung aus Be-
345 2850 3425 3029 quehmlichkeit Forderungen oder Ansichten fügte - die in Einzeheiten -
342 2986 3463 3139 kaum umschreibbar kaum fassbar, - und in ganzen sinnlos, auf mein Wesen keiner-
329 3083 1266 3233 lei Rücksicht nehmen.
328 3219 3386 3434 Wenn du das fühlst und verstehet, - warum solltest du's denn nicht! und dich
322 3363 3330 3573 nicht nur in deinem äussern Verhalten mir gegenüber sondern auch in Deinem
320 3475 3399 3705 innersten Verstehen und Fühlen zu mir so einstelltest, dann können dann wer-
315 3639 3428 3823 den sich unsere Bezihungen froher und glücklicher gestalten, als sie zum min-
317 3755 2076 3914 desten in diesem letzten Jahr gewesen sind.
312 3883 3432 4083 Ich will diesem Brief heute nicht mehr beifügen; -nur noch so viel von mir sa-
302 4008 3425 4223 gen dass ich mich im ganzen körperlich mässig ; - und keineswegs noch sehr ar-
299 4148 3409 4341 beitstüchtig befinde; an Lily Arnoldo wieder grosse Freude habe, und in gele-
301 4264 3380 4473 gentlicher Gesellschaft von Frieda P. Ihrem Bruder ( auch Frauen ist da) u.
3611 93 3665 151 de
3583 121 3670 272 58
