3755 4670
1963 297 3002 440 Forte dei Marmi, 14.9.1925
1972 396 3072 548 (nach Wien, Pension Kremer)
592 524 3337 656 Mein Liebes, vorgestern Früh schrieb ich Dir, - gestern telegraphierte
624 666 3334 776 ich Dir Du möchtest nach Florenz einen Brief senden. Hoffentlich ist
649 791 3270 916 die Depesche, dieich auf dringenden Rat des Concierge italienisch
607 927 3380 1037 verfasste, unverstümmelt angelangt; - was bei einer Depesche an meinen
606 1064 3366 1195 Sohn - (gleichfalls italienisch) nicht der Fall war (es handelte sich
613 1156 3279 1334 um Liebelei, das Jesaner im Schillertheater geben will, offenbar hat
606 1286 3422 1460 Heini eine Rolle darin, da er mich fragt, ob Mittwoch die Proben begin¬
614 1448 1122 1587 nen dürfen).
642 1508 3341 1705 Noch niemals sind mir vier Tage um so lang erschienen, wie die seit
622 1689 3420 1839 dem Dienstag auf dem Mailänder Bahnhof; es ist wie wenn die Zeit sich
609 1830 3464 1968 unendlich dehnte,- (ohne leer zu scheinen) - so als wenn die Unendlich¬
607 1955 3334 2087 keit des Raumes, der ungehemmte Blick ins Weite eine Wirkung auf die
615 2106 1218 2223 Zeit ausübte.
598 2230 3294 2353 Lass Dir nun noch von hier erzählen. Um gleich die Frage zu beant¬
612 2341 3339 2524 worten, die Dir auf den Lippen schwebt: von Dir wurde kein Wort ge¬
609 2500 3385 2631 sprochen und trotz mancher unbedenklicher Wirs in meinen Erzählungen
620 2635 3364 2763 von Reise und Aufenthalten; es wurde (programngemäss offenbar) abso¬
613 2765 3443 2886 lut keine Frage gestellt, keinerlei Anspielungen gemacht. Die Gespräche
592 2875 3259 3014 (niemals zu zweit) durchaus harmlos, auf das Nächste beschränkt.-
612 3019 3403 3157 Ich will Dir eine kurze Uebersicht der letzten Tage geben. Vorgestern
595 3116 3436 3288 (12.) nach dem Brief an Dich kleiner Spaziergang.- Dann Bad (köstlich),
620 3240 3407 3409 nachher Arbeit, 2. Akt, an dem mehr zu feilen war als an 1. und der nun
617 3401 3462 3507 auch ziemlich erledigt ist.) Dann fuhr ich mit der Tram nach Viereggio
602 3563 3365 3704 mirs eingehender besehen; - eine Hotel- und Pensionstadt, tausende Caba¬
648 3678 3439 3793 nen: Trubel, – undenkbar als Aufenthalt (von Forte bis Viareggio - eine
618 3790 3487 3932 fast ununterbrochene Reihe (12 Kilometer) ziehen sich die Badegelegen¬
582 3928 1292 4065 heiten hin.
666 4054 3499 4213 - Gestern Vormittag ein kleiner Spaziergang, dann das Bad bei ziemlich
614 4190 3334 4339 stürmischem Wetter.- Am Ufer in Sande weiterspazierend begegne ich
604 4305 3385 4464 meinen Vetter Gustav Frid,- der mir gleich sagt,- Du hast heute in den
