3759 4694
674 586 3467 759 9 O. war - angeblich um ihren Antiquitäten- Handel in die Wege zu lei
545 671 3472 911 ten, nach Wien gekommen hatte sich in einer Pension in der Peter-Jor-
547 820 3538 1025 dangasse in A's Nähe niedergelassen, kam in sein Haus wann es ihr belieb-
532 957 3449 1141 te und er traute sich nie mich zu sich, zu bitten aus Angst vor ihrem Er-
537 1095 3419 1249 scheinen. Alles übrige ist aus dem folgenden Brief ersichtlich den ich
529 1224 3463 1390 nach ihrer endlichen Abreise an A. schrieb. - Zum ersten mal sah er ein
522 1321 3411 1516 es folgte eine glücklichere Zeit, ein Aufathmen, Aber O. sorgte dafür
528 1461 1660 1608 dass es nicht lange währte-
3536 97 3630 294 62
