3811 4634
1654 407 2018 545 Tagebuch
1696 519 1949 639 - - -
654 539 1104 710 31.7.1926.
619 726 3366 886 sammentreffen. Ich habe eine wchreckliche Angst vor dieser Reise. Im
614 878 3307 1032 September will ich für 2-3 Tage nach Aussee, um mit Carry und Magda
628 1005 3535 1150 zusammen zu sein. Der Brief von A. ist übrigens mehr lieb. Er schreibt:
639 1115 3521 1263 "Im übrigen bitte ich Dich zu glauben, dass ich Dieh auch lieb habe, wenn
643 1245 2480 1444 Du es nicht mecket oder nicht merken willet."
607 1406 3512 1565 Das Wetter ist schauerlich. Ich habe am 4.Kapitel weitergeschrieben und
607 1542 3324 1636 ging um 6vUhr bei Sturm und Regen zu Tante Rosa, wo ich auch Tante
617 1652 3456 1785 Clara antraf. Ich begleitete Tante Cl. bis zu ihrer Wohnung. Am Abend
607 1789 3444 1981 mit Carry. Er ist auch ein wenig melancholisch.-Kein Wunder - das Wet-
620 1929 2403 2077 ter - Berufsorgen - die Trennung von Magda.
614 2061 3440 2208 1.8.1926. Unleidliches Wetter. Kopfschmerzen. Nachmittag an der Haupt-
619 2191 3391 2327 post. Dann Frieda P. bei mir. Viel über A. und Lili gesprochen. Dann
591 2302 3470 2480 Kino. Dummer, amerikanischer Film. Mit heftigen Kopfschmerzen nachhause
591 2422 1742 2593 und zu Bett. Carry bei mir.
596 2524 3343 2720 2.8.1926. Regen.Viel Arbeit. Kopfschmerzen. Karte von A. Nachmittag
619 2712 3467 2879 in Grinzin eine Wohnung besichtigt. Abend mit Carry. Trotz Kopfschner-
646 2838 1410 2966 zen gute Stimmung.
595 2959 3371 3108 3.8. ½6 Früh. Endlich bei Sonnenschein erwacht, nur leider arge Kopf-
593 3090 3451 3242 schmerzen. Es scheint eine Kopfneuralgie zu sein. Nachmittag bei Tante
599 3233 3442 3398 Fanny. Binder von einem Unwetter überrascht. War Vormittag bei Hofrätin
598 3374 3473 3540 Einenmenger. Begegnung mit Egon Berger-Waldeneck. Er ist fett geworden.
596 3478 3450 3686 Hofrätin E. erzählte mir, dass mit einem Film für Mannings viel Geld zu
590 3608 2197 3786 verdienen wäre. Ich muss so was machen.
588 3747 3496 3903 4.8. In aller Früh Filmentwurf, Der Clown. Dann Vorbereitungen zur Reise
582 3874 3294 4036 Ich bin müde gehetzt, ehe elend aus. Sehr liebe Briefe von A. Ich
590 3978 1749 4154 freut mich - ich freue mich.
585 4138 3379 4266 5.8. Film Frieda diktiert zur Hofrätin E. geschickt. Wetter etwas ge-
