3770 4703
2128 293 2933 425 23.4.1927. Venedig.
711 503 3304 630 Liebste, eben hatte ich den Brief an Dich express aufgegeben als
682 635 3415 766 der Deine kam und mir zu meiner tiefsten Betrübnis von dem neuerli-
720 761 3410 934 chen Anfällen berichtet, die Du zu erleiden hattest. Die Sache ist
698 856 3377 1001 ja ärgerlich und schmerzlich genug, - und es ist gar nicht nötig sie
672 998 3376 1138 zu komplicieren durch die Vermutung, dass an der Entstehung der An-
697 1149 3401 1299 fälle allerlei Peychologisches Schuld resp. Mitschuld sein könnte.-
724 1290 3284 1415 was anzunehmen umso weniger nöthig, als hunderttausende Attacken
717 1411 3349 1540 ähnlicher Art in Wien allein alljährlich unter den ruhigsten see-
716 1509 3369 1706 lischen Verhältnissen sich ereignen. Aber abgesehen davon - ver-
714 1656 3360 1773 nünftigerweise ist überhaupt kein Anlass da, dass Dich die Situa-
683 1797 3408 1930 tion, die als solche nun einmal unabänderlich ist, meine Beziehung zu
655 1944 3359 2069 Dir aber durchaus nicht tangiert - irritieren dürfte. Es wäre gut,
673 2055 3287 2181 wenn wir nicht immer wieder darauf zurückkommen müssten. Wichtig
673 2206 3276 2348 ist nur, dass Du gesund wirst und ich bin schon sehr begierig, was
697 2332 3451 2505 Dr.E. zu sagen hatte, wenn es auch voraussichtlich nichts neues sein
678 2456 1006 2584 dürfte.
666 2533 3445 2747 Gestern habe ich von Danieli aus (von wo ich rasch verschwand) einen
661 2697 3437 2856 Spaziergang in die Gardini publici und dann ixx noch in den Gässchen
664 2848 3572 2990 und Strassen der Stadt gemacht, in denen man immer wieder die interessa
685 2959 3424 3111 testen Ueberraschungen erlebt. Es bleibt eine unbegreifliche Stadt,-
707 3127 3268 3251 und bei keiner ist es so unmöglich sich ihre Entstehung und ihr
715 3255 3340 3383 Werden vorzustellen. Ihr Sein fast noch weniger. Paradies und Ge-
670 3378 3428 3479 fängnis zugleich. Und aus beiden Gründen möcht ich hier nicht leben.
660 3478 3460 3654 Das Hotel schwebt zwischen zweiten und dritten Rang hin und her; das
661 3636 3519 3753 Restaurant ist vorzüglich. Für Freitag merk ich Schlafwagen vor. Heute
707 3709 973 3792 fahren
642 3740 3407 3885 wir auf den Lido, beim Nachhausekommen hoff ich einen guten
672 3895 3462 4058 und beruhigenden Brief von Dir vorzufinden. Und nun send ich Dir noch
662 4028 3259 4143 viele innige Küsse, von denen ich wünschte, dass sie Dir nicht nur
659 4172 3431 4308 meine Zärtlichkeit, sondern auch Linderung Deiner Schmerzen brächten,
662 4291 3352 4397 wenn wieder welche gekommensein sollten. Besser als Morphium (-und
691 4349 775 4462 ma
760 4371 3094 4539 an gewöhnt sich nicht an sie.) Ich umarme Dich tausendmal.
1682 4452 2020 4563 Dein A.
