3690 4707
1908 334 3257 516 Wien, 29. Dezember1926,8,Uhr Früh.
412 389 1025 515 An A.S. Berlin.
631 525 3275 685 Guten Morgen, mein sehr Liebes. Der Regen prasselt an die Fenster-
659 722 3312 815 scheiben. Es ist grauenhaft draussen und ich kann mich noch nicht
658 859 3314 962 entschliessen aufzustehen, schreibe Dir lieber so lange ich in der
670 956 3228 1083 Wärme meines Bettes bin. Gestern Früh kam Dein lieber Brief vom
665 1092 3394 1202 26., den ich Dir schon bestätigt habe, am späten Nachmittag Karte und
658 1215 3274 1368 Brief vom 27. Es war also ein ausgesprochen angenehmer Tag. Aber
667 1324 3406 1505 ich fürchte heute wird "nix" kommen. Gestern Vormittag war ich wie-
668 1492 3399 1622 der einmal in der Stadt, aber nur ganz kurz. Dann bei der Manikür am
668 1618 3438 1761 Schottenring, Mittag mit Cary zuhause gegessen, Nachmittag "Komödie der
679 1744 3367 1873 Verführung" übersetzt. Es ging besonders gut und ich habe nur mehr
681 1850 3427 2020 zehnSeiten vom ersten Akt. Dann will ich es mit irgend einem gebore-
1392 1971 1541 2040 eine
683 2001 3439 2138 nen Franzosen oder Französin durchgehen und dann von Frieda abschrei-
675 2140 3384 2284 ben lassen. In längstens 14 Tage hoffe ich istkes absendungsbereit.
667 2292 3389 2388 Am Abend nachtmahlten Otto und Cary bei mir. Otto ist so ein lieber
668 2380 3352 2502 Kerl,ich bin immer von Zärtlichkeit für ihn erfüllt. Heute Vormit-
676 2533 3367 2662 tag erwarte ich Frieda, um das geänderte Jo-Kapitel zu Ende zu dik-
673 2657 3234 2769 tieren, am Nachmittag Emmy Erl. und Lotte M. zum Thee.Heute will
675 2811 3287 2921 ich mir auch die "Treppe" wieder ansehen. In 14 Tagen möchte ich
676 2923 3330 3053 mit was Neuem beginnen, wahrscheinlich mit den Vorarbeiten für die
678 3061 3276 3204 "Charlotte". Ich bin schon begierig zu hören, zu was Du Dich ent-
687 3170 3317 3316 schlossen hast. Warum gibst Du den Filmmenschen nicht einfach die
678 3321 3437 3448 "Else" und die "Traumnovelle" in die Hand und sagst, sie sollen lesen.
663 3412 3368 3580 Die Leute sind ja so faul, man muss es ihnen benuem machen und beim
674 3549 3321 3679 Film, der ja doch hauptsächlich eine materielle Angelegenheit Mist,
676 3710 3388 3855 tät ich es schon. Wie stehen die Fil verhandlungen wegen des "Spiel
678 3832 3352 3958 im Morgengrauen“? - Ich begreife nicht, dass dem Brief aus Henedig,
678 3940 3280 4093 wie Du schreibst, so gar nichts zu entnehmen ist. Hast Du das Ge-
671 4073 3198 4219 fühl einer Enttäuschung bei Lili? Ich bin neugierig,ob Dora M.
675 4216 3355 4332 meine beiden Novellen gefallen haben und was sie Dir darüber sagt.
3388 101 3561 267 963
