3759 4670
2118 268 2895 463 Gastein, 17.8.1931.
557 481 3304 679 Mein liebes Kind, ich habe Dich heute Früh unter den Eindruck Deines
525 621 3310 796 Briefes angerufen, um neuerliche schriftliche Debatten zu ersparen und
514 709 3298 965 Nerven wenn möglich zu schonen. Es täte mir leid, Dich erst recht da-
513 846 1458 1032 mit irritiert zu haben.
505 972 3341 1138 Ich könnte nur schriftlich wiederholen, was ich eben telefonisch sagte:
516 1159 3352 1304 es ist nicht einzusehn, warum ich und schon gar in der jetzigen Situa-
499 1265 3203 1436 tion alle Concessionen machen muss und von der andern Seite nichts
501 1381 1373 1536 verlangt werden darf.
501 1521 3304 1695 Es gehen so viele gute Züge mit Schlafwagen über Wels nach Berlin, die
500 1660 3292 1825 dort in den angenehmsten Morgenstunden eintreffen, dass ich nicht ver-
474 1794 3285 1970 stünde, warum ich nicht am Samstag um 8 Uhr abends eintreffen könnte.
492 1905 3306 2089 Die Abreisenden müssen ja Gmunden ohnedies um die Mittagkeit verlas-
491 2073 3217 2215 sen. Ich aber müsste hier am Sonntag in überfüllten Zügen reisen,
465 2186 3085 2364 da die meisten Leute zum Montag nach Wien fahren. Und wozu? Um 7
480 2271 3244 2490 schon jetzt von Dir festgelegte und sehr problematische Tage dort zu
475 2425 3363 2612 verbringen. Vielleicht würde es nur ein Tag sein.- wir wissen es heute
474 2582 3233 2713 nicht, aber keinesfalls dürfte von Dir heute schon ein Linit gesetzt
481 2692 3237 2853 werden. Um mir dieses Beizammensein wünschenswert erscheinen zu las-
464 2809 3233 3020 sen, hätte von Deinen Briefen etwas ganz anderes ausgehen müssen, als
461 2958 3156 3111 ich beim Lesen empfand. So, erscheint mir dieses Wiedersehn als ein
469 3105 3227 3245 achlecht und lieblos inszeniertes Stück mit falscher Besetzung der
456 3215 3420 3403 Hauptrollen. Vielleicht belehrt mich der angekündigte Briefeines bessern,
466 3342 1470 3487 wenn nicht - reise ich.-
846 3490 2208 3637 Mit allen guten Wünschen für Dich
2273 3618 2544 3771 Cl.K.
1571 3710 1828 3868 ------
