3771 4654
522 197 1137 375 Tgb. 22.5.1931
552 353 3373 544 pazieren. Zwischen 6 und 7 werde ich angerufen und wie ich mich
513 515 3080 664 melde wird das Hörrohr lautlos fortgelegt.- Nicht das erste Mal.
532 653 3524 850 23.5.Vormittag Stadt. Nachmittag Tante Clara und Tante Sidonie bei mir zum
557 797 3522 925 Thee. Sie streiten unaufhörlich. Nachher bei Wellenz, wo Irene Hellmann, Maria
516 944 3568 1065 Mayer, Yella Oppenheimer waren. Zu Fuss nachhause.A. angebelich wieder allein
533 1076 3399 1224 zuhaume. Ich glaube es nicht. Ich bin unglücklich. Ich weine um das, was er
519 1198 1469 1348 zugrunde gerichtet hat.
510 1281 3577 1522 Harry heute Mittag bei mir. Er will im Juli nach Argentinlen. Ich bin so müde
524 1456 2970 1569 und Stumpf, dass ich mich gegen nichts mehr zu wehren vermag.
514 1554 3411 1748 24.5. Ludwig Schüller hat sich erschossen, jedenfalls unauffindbar.Stefan
511 1711 3287 1875 Ausspitz Selbatmordversuch. Grund offenbar der Zusammenbruch der Bank
519 1839 3408 2023 Ausspitz-Lieben. Kein Mensch ahnte etwas. Wer weiss, wie viele Existenzen
507 2002 1792 2131 da mit in einen Abgrund saumen.
511 2104 3352 2273 mit A. Vormittag kurze Spazierfahrt bei strahlendem Wetter. Wir weniger
517 2263 3342 2421 strahlend. Dann zu Tisch bei ihm und Heini.Konversationen über Theater.
511 2373 3533 2528 vor Tisch kleidete A. sich um, wobei er die Türe in sein Schlafzimmer ängst-
518 2489 2832 2638 lich verschloss, als ob ich ihm je ungerufen folgen würde.
504 2606 3476 2794 Für Abend (wir sollten zusammen sein) sagte er mir ab, obwohl er meine Fa-
495 2748 3399 2903 milie eingeladen hat und trotzdem er weiss, dass ich ganz allein bin und
505 2898 3512 3015 meinem Mädchen den Pfingstsonntag freigegeben habe. Ferry D. ist heute Abend
508 3013 3383 3170 auch dort. Trotz meines Ersuchens hat er A. scheinbar nicht aufgesucht.
507 3137 2476 3316 Ich bin von Lüge Verrat und Falschheit umgeben.
497 3286 3432 3411 24.5.Abend. Ich wollte schon allein in die Stadt fahren und mich irgend-
496 3392 3461 3563 wo in ein Restaurant setzen, als mich Egon anrief, ob ich nicht mit ihm und
515 3555 3575 3718 einen Ehepaar Engel in einem kleinen Gasthof im Kaagraben nachtmahlen wolle.
505 3684 3417 3837 Ich war sehr ich und lief gleich hinüber. Aber der Abend war irgendwi be-
494 3793 3387 3978 drückt, vielleicht lag die Bedrückung auch in mir. Es war viel von Ludwig
502 3924 3513 4079 Schüller die Rede, der noch gar nicht aufgefunden ist. Es würde mir eigent-
491 4057 3507 4221 lich mehr zu seinem Bild passen, wenn er durchgegangen wäre, um sich irgend-
492 4185 1849 4327 wo eine neue Existenz zu gründen.
3593 129 3681 292 76
