3771 4722
2324 340 2762 454 24.4.1928.
2037 421 3126 532 Constantinopel,Früh 8 Uhr.
743 523 3318 682 Mein Liebes, eben sind Arnoldo, Lili, der Kapitän und der Direktor
763 680 3379 828 Sampo, sowie noch zwei Italiener vom Schiff fort, um einen kleinen
757 809 3156 925 Flug in den Bosporus zu unternehmen, zu dem sie der Direktor
756 933 3338 1090 Sampo eingeladen; - Arnoldo kommt wahrscheinlich ungelüftet zu-
750 1069 3397 1214 rück, da er nur auf die geringe Chance eines freien Platzes xxx an
751 1186 3229 1349 den Flugplatz mit fuhr. Wahrscheinlich kommt er zurück und wir
742 1319 3338 1468 tragen nocheiniges nach, was wir in den sehr erfüllten Constanti-
751 1455 3310 1644 nopolitouren noch versäumt haben. Ich erzähle chronikalisch, was
1398 1531 1672 1624 Mittag
722 1590 3309 1761 sich seit vorgestern zugetragen. Vor allem berichtigend, dass wir
742 1728 3310 1840 nicht in das Aga Sofia gewesen waren, sondern Blauen Moschee, wie
735 1851 3473 2018 sich am nächsten Tag herausstellte. Vorgestern Nachmittag Autofahrt
745 1990 3338 2149 nach Egüb - am Ende des Goldenen Horns, der Konst.-Hafen, der eine
723 2090 3340 2277 Sackgasse ist - Moschee, Friedhof, Ausblicke; auffallend viel ver-
733 2247 3463 2368 fallende Häuser, manche scheinen durch Feuer halb zerstört. Wahrhaft
737 2358 3331 2523 furchtbar zum Theil die Strassen: tiefe Löcher; -unverständlich,
736 2483 3376 2650 dass es die Autos vertragen. - Von Egüb nach Pera, dies ist der mo-
724 2636 3290 2794 derne Theil von Constantinopel - lange Geschäftsstrasse (in den
727 2777 3404 2915 Abendstunden überfüllt) ansteigend, auf den Höhen die
724 2902 3401 3038 unvergleichlichen Meerblicke. - Sonderbar, wie die Seitengassen fast
719 3000 3445 3150 alle sehr steil ins Dunkel verschwinden.- (Die Sicherheit soll eine
724 3159 3298 3319 relativ vollkommene sein; man spürtüberall Ordnung und "Aufstieg"
709 3281 3157 3445 und die feste Hand eines Dictators. Kemal Pascha auch in der
704 3409 3399 3579 Physiognomie auffallende Aehnlichkeit mit Mussolini. (Er xxx
698 3545 3244 3716 residirt "bekanntlich" nicht in Konst., sondern 24
693 3663 3281 3796 Eisenbahnstunden weit von hier, in Angora.) -
705 3795 3332 3954 Spät aufs Schiff, aus Protektion ein schlechtes kaltes Nachtmahl.-
700 3925 3274 4087 Gestern Montag türkischer Feiertag. Allerlei was wir besichtigen
695 4064 3259 4196 wollten war geschlossen. Immerhin die (echte) Aga Sofia; und die
693 4192 3222 4384 märchenhaft wirkende Cisterne des Theodrius (oder Konstantin -
3580 107 3670 247 112
