3755 4687
2070 153 2853 355 8.5.1926. Bl.2.
730 381 3379 523 mich nicht zu recht wohl; nur eine Art wandernder Herrenschuss ge-
741 507 3403 655 niert mich seit Das Palmas ein wenig. In Lissabon sind wir diesmal
723 658 3309 789 nicht ans Land gegangen; in Vigo war kaum Zeit dazu; - morgen in
726 771 3346 906 Boulogne wirds auch kaum möglich sein. In der Nacht auf Dienstag
777 924 3259 1039 laufen wir in Hamburg ein, gehen Vormittag ans Land und fahren
736 1037 3367 1165 wahrscheinlich noch am selben Nachmittag nach Berlin weiter. Dort
732 1202 3383 1317 wohnt Lili bei ihrer Mutter, ich im Esplanade, und eine Woche drauf
717 1297 3418 1418 hoff ich bei Dir und zuhaus zu sein. In Berlin find ich wohl schon
725 1438 3532 1567 bei meiner Ankunft ein möglichst ausführliches Schreiben von Dir vor.
729 1578 3360 1696 Ich umarme Dich innig; - In Boulogne oder vielleicht erst in Ham-
742 1701 3352 1846 burg geht dieser Brief auf die Reise und bringt Dir meinen zärt-
729 1815 1360 1976 lichsten Gruss.
1427 1963 1671 2104 Dein
1723 2076 1841 2243 A.
1672 2212 1925 2354 - -
3522 30 3649 121 -
