3690 4694
2885 325 3283 533 27.12.28.
622 518 3285 662 hagen vorhanden. Ich hoffe, mein Liebes, Du bist in guter Verassung
651 668 3355 794 dort angekommen und freue mich schon einem ersten Bericht entgegen.
633 778 3250 916 Morgen Nachmittag bei Alma. Ich bin schon neugierig, wie das sein
644 915 3400 1035 wird. Ich will morgen Vormittag arbeiten, und da der Nachmittag ent-
683 1026 3459 1182 fällt, und erst Samstag Vormittag wieder in die Stadt und zu Tisch zu
638 1153 1634 1292 meiner Schwester fahren.
1149 1307 3278 1454 Heute kommen noch Otto und Anna zum Nachtmahl. Meine
638 1428 3314 1574 Schwägerin ist erkältet. Aber da der Hasenrücken sich nicht halten
637 1567 3344 1720 würde, wollte ich nicht verschieben. Die Eugenie (von Heinrich Mann)
634 1685 3396 1842 habeich noch gestern zu lesen begonnen, aber vorläufig finde ich kei-
624 1825 3357 1978 nen Gefallen daran. Die Merkmale der Zeit sind rein äusserliche, die
632 1924 1333 2062 Atmosphäre fehlt.
1130 2092 3297 2244 Mein Liebes, wenn Du wüsstest, wie merkwürdig mir zumut
622 2212 3300 2363 ist Dich so weit fort unter andern Menschen zu wissen. Ich bin gar
624 2333 3432 2485 nicht mehr traurig heute, aber ich befinde mich in einem Ausnahma-
600 2465 3209 2618 zustand. Meine Wohnung, die ganze Gegend erscheint mir anders und
626 2560 3265 2760 fremder. Ich merke jetzt erst, dass ich noch nicht ganz eingewöhnt
599 2702 805 2823 bin.
1077 2829 3400 3021 Nun sage ich Dir aber für heute gute Nacht und trage den
599 2959 2814 3146 Brief selbst in den Kasten. Einen guten innigen Kuss.
1262 3103 1725 3249 Deine C.K.
3500 94 3562 184 1772
3442 122 3592 303 173
