3823 4687
541 266 756 418 1929
557 481 3517 634 28.3. A. Vormittag bei mir. Es steht nicht gut mit uns. Ich soll am Abend
503 610 3441 734 hinüber, aber ich fürchte mich fast. Entweder man wurstelt weiter bis zur
555 763 3368 863 nächsten Verstimmung oder man geht auseinander. Ich fühle ihn in eine
542 884 3465 1002 mir fremde, feindliche Atmosphäre gerückt. Ich gebe gerne zu, dass er sehr
507 1012 3445 1139 lieb und freundlich sofort zu mir kam, aber da ich ihm nicht strahlend um
539 1163 3470 1287 den Hals fiel, sofort Verkrampfung und Kühle. Ich fürchte mich vor Abend.
538 1411 3559 1576 Nacht. Nach anfänglichem bösen Schweigen sanfte Verständigung und schliess-
539 1554 3474 1675 lich grosse Zärtlichkeit. Ich sagte: "Alles wäre anders, wenn die O. einen
539 1661 3390 1816 Mann oder einen Liebhaber fände.“ Er: „Ich wünschte aus mehr als einem
512 1814 3443 1952 Grund nichts so sehr, als dass sie noch jemand findet. Aber das hat nicht
470 1933 3469 2071 das Geringste mit unserer Beziehung zu tun. Ich habe keiner einzigen Frau
504 2069 3476 2216 jemals mehr Liebe gegeben als dir und in erotischer Beziehung hat mir die
492 2179 3302 2325 O. nicht annähernd das bedeutet, was du mir bist Ich stehe heute
503 2326 3408 2502 freundschaftlich nicht schlecht mit ihr, weil sie mir immer ferner wird.
534 2444 731 2569 etc.
535 2564 3575 2717 Ich glaube das alles, wenn er da ist, aber wenn es bei ihr ist oder richtiger
542 2719 3307 2842 in ihrer Nähe, dann empfinde ich es eben anders. - Kuhles, grausliches
479 2838 3500 3002 Osterwetter. Nachmittag kleiner Spaziergang mit A., tiefe Traurigkeit wegen
494 2970 744 3099 Lili.
525 3110 3487 3273 Karsamstag. Schöner Rosenstock von A. Bummel in der Stadt mit Magdi, Harry
526 3229 1569 3373 und Fredi. Auch zu Tisch.
488 3374 3377 3494 Ostersonntag. Heute Vormittag Spaziergang mit A., dann zu Tisch bei ihm.
478 3487 2088 3654 Zunehmendes Vertrauen und Zärtlichkeit.
462 3587 3381 3783 Nachmittag zunause, Abend wieder bei ihm. Wir hatten uns sehr lieb. Habe
482 3775 3488 3884 seit einigen Tagen starke Schmerzen im Wacken und in der rechten Schulter,
492 3911 3479 4082 offenbar Rheumatismus. Es ist wieder kalt und stürmisch. Dabei heute Abend
513 4010 3561 4146 um 9 Uhr, als ich noch bei ihm war, Blitz, Donner und wolkenbruchartiger Regen
462 4179 2881 4308 Ostermontag. 1. April. A., Cary, Magda, Harry zu Tisch bei mir.
