3755 4694
2128 245 2877 432 17.3.25. Bl.2.
518 446 3432 645 Komödie der Verführung mit mir anhandelte. Wir speisen morgen "in diesem
529 609 1169 758 Sinn" zusammen.
1119 714 3320 868 Nachtmahl mit Heini und Paul Marx wieder bei Stallmann.
515 833 3406 1027 Am Montag 16. Nach Spaziergang in bitter Kälte - Bank; Feilchenfeld ab-
577 1021 3380 1149 wesend; - finanzielle Gespräche mit seinem Vertreter Dr. Popper; - all -
558 1140 2314 1282 gemeine Situation ziemlich hoffnungsvoll.-
1124 1293 3373 1440 Im Verlag S.Fischer langes Gespräch mit Dr.Maril, grosse
544 1386 3405 1556 Betretenheit wegen meiner Ullstein-Absichten - Mittageßen bei Michac-
519 1554 3403 1682 lis (um ¼ Uhr) - um 16 oca im Hotel; - Heini holt mich. Lessingtheater
542 1660 3377 1796 Märchen. Da ich von den Lümmeln Rotters überhaupt nichts gehört, blieb
552 1777 3362 1946 mir nichts anderes übrig als zwei theuere Billetts zu 20 Mark zu kau-
523 1938 3454 2085 fen ( - ich war gewiss der Einzige).Sass mit Heini 2. Reihe Ecke: es ge-
509 2055 3349 2216 lang uns - total unerkannt zu bleiben - das Publikum absolut Vorstadt; -
503 2204 3249 2331 gewiss hatten die Rotters die Billettes zu Viertelpreisen an Vereine
553 2332 3470 2464 abgegeben. Die Vorstellung jammervoll- der Regisseur und Hauptdarstellzer
496 2434 3379 2577 total unmöglich - die Gesellschaftsszene - Posemuckel - begabt die Fan-
489 2605 3309 2713 ny, ein Frl. Spira.- Manches aus dem Stück ist verblasst; - und
498 2729 3359 2863 es gibt naturalistische Details, auch pathetisch-sentimentale Dialog -
483 2839 3337 2999 stellen, die schwer zu ertragen sind; - aber es ist gar kein übles Thea-
495 2975 3339 3129 terstück - und das problem - als psychologisches, nicht als soziales -
502 3095 3265 3233 ist aktuell wie es war. - Die Kritiker greifen nur immerdaneben, sind
486 3230 3373 3368 aber nicht unfreundlich. Die Schwäche der Aufführung wird beinahe über-
490 3369 3409 3494 all constatiert. (Die Rotters, die beinahe alle ihre Theater in der näch-
522 3505 3249 3656 sten Salmon verlieren, wollten offenbar nur 1000 gezahlten Garantie-
476 3626 3411 3759 mark hereinbringen-, und da das wohldieser Jammervorstellung nicht gelin-
492 3753 3336 3913 gen wird, möchten sie die Bernhardi-Tantiemen, die sie mir noch schuldig
469 3907 2831 4059 sind, darin aufgehen lassen, was ihnen nicht gelingen wird.)
2361 3984 2463 4079 em
1078 4027 3253 4139 Nach dem Theater mit Heini in ein (RestaurantSchiffer-
508 4147 3283 4345 haum, wo wir mit Albert Steinrück und seiner Frau, sowie Paul Marx zu-
482 4297 3439 4449 sammentrafen. Für eine Weile gezellte sich der norwegische Romangier Seven
451 4361 3213 4562 Elvstad, etwas besoffen und sein Freund,ein nüchterner Norweger zu
3467 105 3651 293 146
