3771 4703
1973 264 2672 424 Berlin, 2-1-1930
606 431 3150 645 Mein Liebes, eben erst 9 Uhr Früh ist Dein Brief vom 30.12. mit
625 587 3321 758 Einlage gekommen. Dein Schreiben an B. finde ich mehr gut und auch
628 722 3481 848 gegen den Aufsatz über die Generalproben ist nichts einzuwenden, er ist
667 821 3316 1031 klug und wirksam (nicht vielleicht in dem Sinn, als wenn er die ge-
600 1011 3306 1150 wünschte Wirkung erzielen müsste); - einige kleinegkelten wären viel-
999 1081 1425 1148 corrgieren
627 1117 3409 1244 leicht zu beite 3 Zeile 9 von unten "und wurde dadurch nicht
709 1250 3351 1410 weniger berühmt" liesse sich misverstehen, als würde er durch sein
607 1382 3305 1520 Lächeln erst recht berühmt. Es muss ungefähr heissen: Und lächelte
623 1516 3467 1664 über die kleine Intrigue, die seinem Ruhm oder seinem Werk weiter nicht
624 1640 3244 1781 schadete. - Ferner Seite 4,5.Z. "Und wer wüsste es nicht, wen man so
621 1763 3414 1905 nennen darf" ist stilitisch unrichtig. Es sollte ungefähr heissen: Und
595 1900 3449 2080 wie wenige haben das Recht sich Freunde zu nennen. (Oder der ganze Satz
615 2032 3416 2179 liesse sich entbehren). Dann am Schluss wäre besser statt: So und noch
603 2155 3403 2319 mehr. "Diew und noch manches andere predigt Buddah. Aber wie wenigen
610 2300 3394 2460 sind solche Augen beschert. Pseudonym "Bob" wäre vielleicht ganz ver-
643 2411 3286 2557 nünftig und wenn F.S. die Sache bringt, ist es für die Verbreitung
646 2569 3270 2703 wahrscheinlich besser als "Allgemeine". Das wesentlichste, was von
798 2688 3310 2852 hier zu berichten ist, sind Engagementssorgen von Heini, die mit
580 2811 3310 2980 der wieder schwankenden position von Jesener zusammenhängen. Am Syl-
588 2949 3339 3102 vesterabend hat J. zwei Novitäten gegeben, am Schauspielhaus xxx
593 3073 3345 3202 sowohl als am Schillertheater, beide sind arg durchgefallen; - in der
570 3203 3333 3384 nächsten Novität hat Heini keine Rolle; Wahrscheinlichkeit eines Ab-
575 3302 3298 3460 baus in beiden Theatern. Nun folgt morgen eine Besprechung zwischen
581 3461 3363 3609 uns, Heini, Horch. Renhardt interessiert sich ernstlich für Heini - wir
569 3578 3342 3748 wissen, was von solchen "Interessen" zu halten ist. Das Gastspiel bei
559 3689 3367 3900 Beer im März soll stattfinden - doch hat man sich über die Rolle noch
547 3852 3284 4015 nicht geeignigt. Die Affaire Dreyfus (von Rehfisch und Herzog), die
556 3973 3389 4162 hier ein grosser Erfolg war) ist nicht unwahrscheinlich. Ich habe hier
643 4114 3355 4296 er von meinen Abreise gesprochen. Ruth hat jetzt überhaupt kein En-
715 4240 3323 4435 ment und vorläufig keine rechte Aussicht - was diese ganze Ange-
3591 105 3670 230 11
