3771 4703
2404 250 3115 421 2.1.1930. Bl.2.
672 456 3283 642 legenheit nicht eben hoffnungsvoller gestaltet. Und die Carrière
666 604 3447 732 von ArnolCo - die ist überhaupt ein Capitel für sich. - Auch Viki und
661 684 3485 838 Mimi befinden sich nicht in sehr tröstlichen Umständen; und auch wenn
644 845 3476 1007 die Erbschaft endlich liquidiert werdend sollte, schaut nicht viel he-
693 956 941 1100 raus.
649 1076 3397 1250 In meinen Angelegenheiten gibt es nocht nichts Neues. Von Bernhardi
664 1236 3477 1365 Überhaupt keine Rede mehr. Von Elisabeth noch nichts gehört. Morgen
652 1356 3374 1512 ich ich sie im Zwischenspiel. Klein hab ich telefonisch gesprochen,
669 1491 3351 1665 er ist nach einer Verkühlung für ein paar Tage fort. Sonntagwieder
1099 1583 1389 1666 spreche
660 1633 3336 1767 da und ich wenn dann mit ihm ausführlicher. - Paul Marx, heute über
667 1764 3372 1903 50 nach einer 30jährigen Theaterlaufbahn - ist von März an ohne En-
652 1894 3294 2008 gagement. Es sind trostlose Verhältnisse.- Um das "Spiel" kümmert
643 1994 3243 2150 sich natürlich kein Mensch, - wie ich vorausgesehen - trotzdem der
623 2147 3439 2280 Wiener Erfolg nicht bestritten wird. Aber die Direktoren greifen immer
654 2276 3524 2471 noch lieber nach einem englischen Reisser - der dann doch nicht reiztt-
664 2436 3379 2559 als nach einem "stillen Stück", eines nicht unbekannten, jedoch deut-
2441 2522 2712 2609 sessez
646 2521 2840 2672 schen,ja sogar österreichischen Autors (von gestern).
652 2648 3284 2828 Heute Abend waren Heini, Arnoldo, Paul Marx, Dora und ihr Mann, sowie
642 2774 3513 2959 Ephraim Frisch bei O; -Heini spielte Klavier. Das Wetter ist nicht übel,
678 2931 3320 3118 das Hotel angenehm wie immer, mein Befinden ganz gut. Morgens nehm
687 3066 1995 3217 ich immer nur Thee mit Zwieback.
626 3163 3442 3322 Fischer ist nach St. Moritz; -Bermanns haben ihn bis München begleitet,
610 3299 3401 3476 kommen morgen; ich verschiebe meinen Besuch im Verlag bis dahin, denn
633 3457 3515 3598 die Unterredungen mit Maril allein haben überhaupt keinen Sinn. Es wäre
644 3566 3442 3747 lieb, wenn Du mir unbeeinflusst von der Flüchtigkeit und Talentlosig-
629 3714 3545 3846 keit meiner Briefe öfter und bald hätt ich gesagt freundlicher schriebst
1715 3800 1863 3883 nur
633 3811 3504 4000 Das bezieht sich übrigens auf den kurzen Brief, der deinem schrift-
622 3983 3471 4089 stellerischen Versuch beilag. So wohl gelungen dieser ist; -einem voll-
624 4061 3479 4232 wertigen Erwatz für einen wirklichen Clara-Katharina-Brief bedeutet er
604 4207 3337 4296 mir nicht.-Für heute, mein Liebes, Lebwohl und sei tausendmal umarmt.
1504 4279 1827 4416 Dein A.
1556 4391 1784 4497 - - - — —
3572 99 3683 248 12
