3674 4687
539 241 989 452 10.8.1931.
547 510 3142 665 vorstellen. Begeisterte Komplimente über meine Aphorismen. Sonst
549 634 1142 787 wieder allein.
541 754 3264 901 11.8. Fühle mich wohler. Alle finden mich besser aussehend. Es muss
546 924 2482 1062 sehr arg gewesen sein, wenn das schon besser ist.
537 1043 3340 1190 Roman begonnen. Eine Einladung zu Fery Bl. abgelehnt. Es schüttet und
532 1178 3227 1308 ein Einspänner wäre für mich zu teuer. Heute hat A. meinen Brief -
521 1273 1786 1446 morgen könnte Antwort da sein.
