3786 4715
357 360 1165 515 Tagebuch 2ten August
310 488 1575 629 Carry sagt: »Dickdarm-Reizung"
290 620 2477 770 3ten Aug: Heute schlechtes Befinden. Schlechte Nerven.
270 770 3441 914 4ten Aug.: Darnzustände immer schlechter. Verdüsterung. Nur ein Mensch wie A.
271 896 3336 1052 konnte die Novelle "Der Mörder" schreiben die ich immer hasste. N. M. Anna
276 1039 3467 1153 auf eine halbe Stunde sonst den ganzen Sonntag allein. Ich halte diese Einsam¬
276 1131 1120 1291 keit nicht mehr aus.
278 1263 3418 1418 5ten Aug. Gestern Abend express-Brief von A. Wärmerer Ton. Zum Schluss "Ich
285 1410 3476 1523 umarme dich von Herzen" Nachdem er das Programm "Freundschaft Freiheit festge¬
271 1511 1563 1675 legt hat kann ers ja riskieren.
281 1662 3322 1826 Am Abend Dr Popper und Frau Hans Porges u. Frau Carry Magdy zum Nachtmahl.
267 1784 3368 1953 1) Revanche) Alle haben sich wol gefühlt glaube ich und niemand mir angemerkt
281 1923 2842 2039 wie elend mir war. Man fand mich nur sehr schlecht aussehend.
277 2053 3204 2227 7ten Aug.: Etwas woler. Magdy Änderungen an der Cordey dictiert. N. M.
255 2167 2293 2338 Schmerzen in der Galle, Nervosität um 6 zu Bett.
