<?xml version="1.0" encoding="UTF-8" standalone="yes"?>
<PcGts xmlns="http://schema.primaresearch.org/PAGE/gts/pagecontent/2013-07-15" xmlns:xsi="http://www.w3.org/2001/XMLSchema-instance" xsi:schemaLocation="http://schema.primaresearch.org/PAGE/gts/pagecontent/2013-07-15 http://schema.primaresearch.org/PAGE/gts/pagecontent/2013-07-15/pagecontent.xsd">
    <Metadata>
        <Creator>prov=READ-COOP:name=TrHtr:version=0.0.6:model_id=44522:date=25_11_2022_11:51</Creator>
        <Created>2022-11-17T16:34:52.344+01:00</Created>
        <LastChange>2022-11-28T23:03:46.765+01:00</LastChange>
        <TranskribusMetadata docId="1233893" pageId="50262379" pageNr="289" tsid="105269931" status="IN_PROGRESS" userId="40391" imgUrl="https://files.transkribus.eu/Get?id=YIGNSFNUKBBHNLVLJSGRJMVU&amp;fileType=view" xmlUrl="https://files.transkribus.eu/Get?id=XJIYDDDXGTOSTFCVLYNXSILI" imageId="41049810"/>
    </Metadata>
    <Page imageFilename="HIN-155550_0289.tif" imageWidth="3759" imageHeight="4658">
        <ReadingOrder>
            <OrderedGroup id="ro_1669749961191" caption="Regions reading order">
                <RegionRefIndexed index="0" regionRef="r1"/>
            </OrderedGroup>
        </ReadingOrder>
        <TextRegion id="r1" custom="readingOrder {index:0;}">
            <Coords points="311,360 311,4561 3495,4561 3495,360"/>
            <TextLine id="r1l1" custom="readingOrder {index:0;}">
                <Coords points="504,455 600,445 704,489 840,436 972,427 1143,486 1144,364 1073,367 941,312 894,330 841,308 755,350 505,344"/>
                <Baseline points="522,419 552,419 582,419 612,419 642,419 672,420 702,420 733,420 763,422 793,422 823,422 853,423 883,423 913,423 944,423 974,423 1004,423 1034,423 1064,423 1094,423 1125,423"/>
                <TextEquiv>
                    <Unicode>An A.S. Berlin.</Unicode>
                </TextEquiv>
            </TextLine>
            <TextLine id="r1l2" custom="readingOrder {index:1;} date {offset:6; length:10;}">
                <Coords points="2239,437 2296,455 2324,427 2453,446 2485,428 2650,465 2689,433 2800,430 2918,459 2919,320 2751,312 2668,325 2629,361 2540,332 2443,374 2397,334 2336,352 2240,301"/>
                <Baseline points="2256,416 2288,417 2320,419 2352,421 2385,422 2417,423 2449,423 2481,423 2514,423 2546,423 2578,422 2610,422 2643,422 2675,422 2707,422 2739,422 2772,422 2804,422 2836,423 2868,425 2901,426"/>
                <TextEquiv>
                    <Unicode>Wien, 19.10.1925.</Unicode>
                </TextEquiv>
            </TextLine>
            <TextLine id="r1l3" custom="readingOrder {index:2;}">
                <Coords points="586,676 3270,697 3210,597 1787,631 1383,548 586,626"/>
                <Baseline points="602,681 734,681 867,681 999,681 1132,683 1264,683 1397,683 1529,683 1662,683 1794,683 1927,683 2059,683 2192,683 2324,683 2457,683 2589,683 2722,684 2854,684 2987,684 3119,684 3252,684"/>
                <TextEquiv>
                    <Unicode>Liebster, ich bin so froh! Die Spieglers haben die Zimmer gemietet</Unicode>
                </TextEquiv>
            </TextLine>
            <TextLine id="r1l4" custom="readingOrder {index:3;}">
                <Coords points="625,827 2913,862 3188,844 3249,758 2044,768 1690,688 625,769"/>
                <Baseline points="644,807 773,809 902,810 1032,812 1161,812 1290,813 1420,813 1549,813 1678,813 1808,815 1937,815 2066,815 2196,815 2325,813 2454,813 2584,813 2713,813 2842,813 2972,813 3101,813 3231,813"/>
                <TextEquiv>
                    <Unicode>und ziehen am 15.11.ein. Nie hätte ich gedacht, dass man über ein</Unicode>
                </TextEquiv>
            </TextLine>
            <TextLine id="r1l5" custom="readingOrder {index:4;}">
                <Coords points="637,945 3369,970 3258,859 638,888"/>
                <Baseline points="657,941 791,941 926,941 1061,942 1195,942 1330,942 1465,942 1599,942 1734,944 1869,944 2004,944 2138,944 2273,944 2408,944 2542,945 2677,945 2812,945 2946,947 3081,947 3216,948 3351,948"/>
                <TextEquiv>
                    <Unicode>so kleines bescheidenes Einkommen so glücklich sein kann. Mir ist,</Unicode>
                </TextEquiv>
            </TextLine>
            <TextLine id="r1l6" custom="readingOrder {index:5;}">
                <Coords points="633,1110 3403,1126 3404,1019 633,989"/>
                <Baseline points="651,1070 787,1070 924,1070 1061,1071 1198,1071 1334,1071 1471,1073 1608,1073 1745,1073 1881,1074 2018,1074 2155,1076 2292,1076 2428,1076 2565,1076 2702,1077 2839,1077 2975,1077 3112,1077 3249,1077 3386,1077"/>
                <TextEquiv>
                    <Unicode>als hätte ich endlich wieder festen Boden unter den Füssen und jetzt</Unicode>
                </TextEquiv>
            </TextLine>
            <TextLine id="r1l8" custom="readingOrder {index:6;}">
                <Coords points="636,1214 3414,1222 3325,1104 637,1107"/>
                <Baseline points="654,1199 791,1200 928,1202 1065,1202 1202,1203 1339,1203 1476,1205 1613,1205 1750,1205 1887,1206 2024,1206 2161,1206 2298,1206 2435,1206 2572,1208 2709,1208 2846,1208 2983,1208 3120,1208 3257,1208 3395,1209"/>
                <TextEquiv>
                    <Unicode>will ich arbeiten, arbeiten! Alles Nähere hoffentlich sehr bald mündlich.</Unicode>
                </TextEquiv>
            </TextLine>
            <TextLine id="r1l9" custom="readingOrder {index:7;}">
                <Coords points="637,1335 3315,1387 3315,1240 637,1256"/>
                <Baseline points="654,1334 786,1334 918,1334 1050,1334 1182,1334 1314,1334 1446,1335 1579,1335 1711,1335 1843,1337 1975,1337 2107,1337 2239,1337 2371,1338 2504,1338 2636,1338 2768,1338 2900,1338 3032,1338 3164,1338 3297,1337"/>
                <TextEquiv>
                    <Unicode>Ich bin gestern und heute ohne jede Nachricht von Dir und sehe der</Unicode>
                </TextEquiv>
            </TextLine>
            <TextLine id="r1l10" custom="readingOrder {index:8;}">
                <Coords points="632,1510 3482,1504 3482,1393 3164,1363 633,1392"/>
                <Baseline points="651,1461 791,1463 932,1464 1072,1464 1213,1466 1353,1466 1494,1467 1634,1467 1775,1467 1915,1469 2056,1469 2197,1469 2337,1469 2478,1469 2618,1469 2759,1469 2899,1470 3040,1470 3180,1470 3321,1470 3462,1470"/>
                <TextEquiv>
                    <Unicode>morgigen Post mit Spannung entgegen. Heute Vormittag in der Wirtschaft</Unicode>
                </TextEquiv>
            </TextLine>
            <TextLine id="r1l11" custom="readingOrder {index:9;}">
                <Coords points="643,1611 3356,1650 3356,1529 3031,1510 643,1514"/>
                <Baseline points="660,1595 801,1596 942,1596 1083,1596 1224,1598 1365,1598 1506,1599 1647,1599 1788,1599 1929,1600 2070,1601 2211,1601 2352,1601 2493,1601 2634,1602 2775,1602 2916,1602 3057,1602 3198,1602 3339,1602"/>
                <TextEquiv>
                    <Unicode>sehr beschäftigt dann an der "Treppe" einige Zeilen weitergekommen.</Unicode>
                </TextEquiv>
            </TextLine>
            <TextLine id="r1l12" custom="readingOrder {index:10;}">
                <Coords points="637,1786 3312,1763 3312,1670 3158,1655 638,1636"/>
                <Baseline points="656,1725 787,1725 919,1727 1051,1727 1183,1728 1315,1728 1447,1728 1579,1730 1711,1730 1843,1730 1975,1730 2106,1731 2238,1731 2370,1731 2502,1731 2634,1732 2766,1733 2898,1733 3030,1734 3162,1734 3294,1736"/>
                <TextEquiv>
                    <Unicode>Nachmittag erst Besuch meiner Mieter, die Anfang November heiraten,</Unicode>
                </TextEquiv>
            </TextLine>
            <TextLine id="r1l13" custom="readingOrder {index:11;}">
                <Coords points="623,1847 834,1919 3315,1891 3316,1762 624,1793"/>
                <Baseline points="642,1856 774,1857 907,1857 1040,1859 1172,1859 1305,1860 1438,1860 1570,1860 1703,1860 1836,1862 1969,1862 2101,1862 2234,1862 2367,1862 2499,1863 2632,1863 2765,1863 2897,1863 3030,1865 3163,1865 3296,1866"/>
                <TextEquiv>
                    <Unicode>für ein paar Tage fortgehen und am 15. bei mir landen wollen. Dann</Unicode>
                </TextEquiv>
            </TextLine>
            <TextLine id="r1l14" custom="readingOrder {index:12;}">
                <Coords points="624,2030 3284,2045 3284,1941 3170,1909 624,1912"/>
                <Baseline points="642,1983 773,1986 904,1987 1035,1988 1166,1989 1298,1991 1429,1991 1560,1991 1691,1992 1822,1992 1954,1992 2085,1992 2216,1992 2347,1992 2478,1994 2609,1994 2741,1995 2872,1995 3003,1997 3134,1998 3266,2000"/>
                <TextEquiv>
                    <Unicode>zum Thee bei mir: Byck, Emmy Erlanger, Anna, mein Bruder Fredi. Byck</Unicode>
                </TextEquiv>
            </TextLine>
            <TextLine id="r1l15" custom="readingOrder {index:13;}">
                <Coords points="633,2140 3329,2177 3243,2037 633,2072"/>
                <Baseline points="650,2118 783,2120 916,2120 1049,2120 1182,2120 1315,2120 1448,2120 1581,2121 1714,2121 1847,2121 1980,2121 2113,2121 2246,2123 2379,2123 2512,2124 2645,2124 2778,2124 2911,2126 3044,2127 3177,2127 3311,2129"/>
                <TextEquiv>
                    <Unicode>ging bald, weil seine Mutter leidend ist und allein zuhause war, die</Unicode>
                </TextEquiv>
            </TextLine>
            <TextLine id="r1l16" custom="readingOrder {index:14;}">
                <Coords points="634,2287 3322,2306 3322,2199 3183,2177 634,2184"/>
                <Baseline points="650,2244 782,2246 915,2247 1048,2247 1181,2249 1313,2250 1446,2250 1579,2251 1712,2252 1844,2252 1977,2252 2110,2253 2243,2253 2375,2253 2508,2253 2641,2255 2774,2255 2906,2255 3039,2256 3172,2258 3305,2258"/>
                <TextEquiv>
                    <Unicode>Andern blieben bis 8 Uhr. Jetzt bin ich allein und von Dankbarkeit</Unicode>
                </TextEquiv>
            </TextLine>
            <TextLine id="r1l17" custom="readingOrder {index:15;}">
                <Coords points="633,2391 3053,2420 3254,2338 633,2323"/>
                <Baseline points="650,2373 779,2375 908,2376 1038,2378 1167,2379 1296,2379 1426,2381 1555,2381 1684,2382 1814,2382 1943,2382 2072,2382 2202,2384 2331,2384 2460,2384 2590,2384 2719,2385 2848,2385 2978,2385 3107,2387 3237,2387"/>
                <TextEquiv>
                    <Unicode>erfüllt, dass ich über die ärgsten Sorgen hinaus bin und wünschte</Unicode>
                </TextEquiv>
            </TextLine>
            <TextLine id="r1l18" custom="readingOrder {index:16;}">
                <Coords points="630,2527 3283,2588 3262,2437 631,2441"/>
                <Baseline points="650,2505 780,2505 911,2507 1042,2508 1173,2508 1304,2510 1435,2510 1565,2511 1696,2511 1827,2513 1958,2513 2089,2513 2220,2514 2351,2514 2481,2516 2612,2516 2743,2516 2874,2517 3005,2517 3136,2519 3267,2519"/>
                <TextEquiv>
                    <Unicode>nur, ich könnte meine gute Laune heute mit Dir teilen. Morgen nach</Unicode>
                </TextEquiv>
            </TextLine>
            <TextLine id="r1l19" custom="readingOrder {index:17;}">
                <Coords points="631,2638 956,2686 1207,2651 1389,2713 1682,2653 2283,2656 2226,2563 632,2581"/>
                <Baseline points="648,2636 728,2636 809,2637 890,2637 971,2639 1052,2639 1133,2639 1213,2639 1294,2639 1375,2640 1456,2640 1537,2640 1618,2640 1699,2640 1779,2640 1860,2642 1941,2642 2022,2642 2103,2643 2184,2645 2265,2645"/>
                <TextEquiv>
                    <Unicode>Eintreffen der Post schreibe ich weiter.</Unicode>
                </TextEquiv>
            </TextLine>
            <TextLine id="r1l20" custom="readingOrder {index:18;}">
                <Coords points="1068,2793 3235,2805 3235,2716 2949,2722 2767,2621 2616,2714 2323,2730 1069,2682"/>
                <Baseline points="1086,2768 1192,2769 1298,2769 1405,2769 1511,2771 1618,2771 1724,2771 1831,2772 1937,2772 2044,2772 2150,2772 2256,2773 2363,2774 2469,2774 2576,2774 2682,2775 2789,2775 2895,2775 3002,2777 3108,2777 3215,2778"/>
                <TextEquiv>
                    <Unicode>Guten Morgen, mein Liebes und Dank für die eben einge¬</Unicode>
                </TextEquiv>
            </TextLine>
            <TextLine id="r1l21" custom="readingOrder {index:19;}">
                <Coords points="632,2942 3356,2960 3356,2867 3081,2819 632,2842"/>
                <Baseline points="651,2895 785,2897 919,2897 1054,2898 1188,2898 1323,2900 1457,2900 1591,2901 1726,2901 1860,2901 1995,2901 2129,2903 2263,2903 2398,2904 2532,2904 2667,2906 2801,2906 2935,2907 3070,2909 3204,2910 3339,2912"/>
                <TextEquiv>
                    <Unicode>troffenen Zeilen vom 16. Heute Nacht bis 3 Uhr herrlich geschlafen,</Unicode>
                </TextEquiv>
            </TextLine>
            <TextLine id="r1l22" custom="readingOrder {index:20;}">
                <Coords points="624,3045 3280,3063 2980,2951 624,2956"/>
                <Baseline points="641,3027 772,3027 903,3029 1034,3030 1165,3030 1296,3032 1427,3032 1558,3032 1689,3032 1820,3032 1951,3033 2082,3033 2213,3033 2344,3033 2475,3035 2606,3035 2737,3036 2868,3036 2999,3038 3130,3039 3261,3041"/>
                <TextEquiv>
                    <Unicode>dann so wach, dass ich mir die "Schwestern" aus dem Bücherkasten</Unicode>
                </TextEquiv>
            </TextLine>
            <TextLine id="r1l24" custom="readingOrder {index:21;}">
                <Coords points="634,3168 3075,3234 3368,3218 3369,3122 634,3097"/>
                <Baseline points="650,3156 785,3158 920,3159 1055,3159 1190,3161 1325,3162 1460,3164 1595,3165 1730,3165 1865,3167 2000,3168 2135,3168 2270,3170 2405,3170 2540,3171 2675,3171 2810,3171 2945,3173 3080,3173 3215,3173 3351,3173"/>
                <TextEquiv>
                    <Unicode>holte und mit Genuss bis zu Ende las. Dann im Morgengrauen noch mal</Unicode>
                </TextEquiv>
            </TextLine>
            <TextLine id="line_1669672687590_954" custom="readingOrder {index:22;}">
                <Coords points="627,3193 1250,3188 1262,3320 1092,3368 910,3354 627,3304"/>
                <Baseline points="645,3285 673,3287 701,3288 730,3290 758,3290 786,3290 815,3291 843,3291 871,3290 900,3290 928,3290 956,3290 985,3288 1013,3288 1041,3288 1070,3288 1098,3288 1126,3288 1155,3290 1183,3290 1212,3291 1226,3297 1242,3296"/>
                <TextEquiv>
                    <Unicode>eingeschlafen.</Unicode>
                </TextEquiv>
            </TextLine>
            <TextLine id="r1l27" custom="readingOrder {index:23;}">
                <Coords points="1058,3428 3375,3425 3375,3349 3154,3309 2750,3353 2271,3282 2131,3370 1806,3383 1467,3277 1059,3381"/>
                <Baseline points="1077,3416 1191,3417 1305,3419 1419,3420 1533,3422 1647,3422 1761,3423 1875,3423 1989,3423 2103,3425 2217,3425 2331,3425 2445,3426 2559,3426 2673,3426 2787,3428 2901,3428 3015,3429 3129,3431 3243,3432 3357,3434"/>
                <TextEquiv>
                    <Unicode>Jetzt habe ich in der Wirtschaft viel zu tun, dann in die</Unicode>
                </TextEquiv>
            </TextLine>
            <TextLine id="r1l28" custom="readingOrder {index:24;}">
                <Coords points="615,3554 2785,3577 2786,3488 1932,3444 1860,3511 1503,3420 616,3489"/>
                <Baseline points="633,3543 739,3545 846,3546 953,3548 1060,3548 1167,3549 1273,3549 1380,3551 1487,3551 1594,3551 1701,3552 1807,3552 1914,3552 2021,3554 2128,3554 2235,3555 2341,3555 2448,3555 2555,3557 2662,3557 2769,3558"/>
                <TextEquiv>
                    <Unicode>Stadt und Nachmittag nehme ich mir die "Treppe" vor.</Unicode>
                </TextEquiv>
            </TextLine>
            <TextLine id="r1l29" custom="readingOrder {index:25;}">
                <Coords points="1068,3695 3009,3744 3316,3717 3317,3639 1068,3595"/>
                <Baseline points="1086,3678 1196,3681 1307,3683 1418,3683 1528,3684 1639,3684 1750,3686 1860,3686 1971,3686 2082,3686 2193,3686 2303,3686 2414,3686 2525,3687 2635,3687 2746,3689 2857,3689 2967,3690 3078,3692 3189,3693 3300,3696"/>
                <TextEquiv>
                    <Unicode>Ich bin gut aufgelegt und bin froh, dass Du bald kommst,</Unicode>
                </TextEquiv>
            </TextLine>
            <TextLine id="r1l30" custom="readingOrder {index:26;}">
                <Coords points="633,3837 1262,3909 1581,3825 3211,3864 3151,3699 2078,3789 1742,3701 634,3747"/>
                <Baseline points="650,3806 777,3807 904,3809 1031,3810 1158,3812 1286,3813 1413,3813 1540,3815 1667,3815 1794,3816 1922,3816 2049,3816 2176,3818 2303,3818 2430,3819 2558,3819 2685,3821 2812,3821 2939,3822 3066,3824 3194,3824"/>
                <TextEquiv>
                    <Unicode>da ich meine gute Laune nicht gerne anderweitig verschwende -</Unicode>
                </TextEquiv>
            </TextLine>
            <TextLine id="r1l31" custom="readingOrder {index:27;}">
                <Coords points="614,3980 703,3981 725,3960 764,3957 782,3972 839,3972 917,4013 982,3992 983,3863 823,3847 758,3875 726,3856 672,3874 615,3851"/>
                <Baseline points="633,3933 658,3933 683,3934 709,3935 734,3935 759,3935 785,3935 810,3936 836,3936 861,3936 886,3936 912,3936 937,3938 963,3938"/>
                <TextEquiv>
                    <Unicode>bin ich!</Unicode>
                </TextEquiv>
            </TextLine>
            <TextLine id="r1l32" custom="readingOrder {index:28;}">
                <Coords points="953,4094 3358,4118 3448,4108 3449,3990 953,3998"/>
                <Baseline points="969,4067 1092,4067 1215,4068 1338,4068 1461,4070 1584,4071 1707,4071 1830,4073 1953,4073 2076,4074 2199,4074 2322,4076 2445,4077 2568,4077 2691,4079 2814,4080 2937,4082 3060,4083 3183,4085 3306,4086 3429,4088"/>
                <TextEquiv>
                    <Unicode>Ich hoffe morgen noch auf einen Brief von Dir, der die Resulta¬</Unicode>
                </TextEquiv>
            </TextLine>
            <TextLine id="r1l33" custom="readingOrder {index:29;}">
                <Coords points="618,4197 3267,4234 3142,4136 619,4111"/>
                <Baseline points="636,4190 766,4191 897,4191 1027,4193 1158,4194 1289,4196 1419,4197 1550,4199 1681,4200 1811,4202 1942,4203 2073,4205 2203,4206 2334,4208 2465,4209 2595,4211 2726,4212 2857,4214 2987,4215 3118,4217 3249,4218"/>
                <TextEquiv>
                    <Unicode>te der verschiedenen Unterredungen bringt. Deinen heutigen Zeilen</Unicode>
                </TextEquiv>
            </TextLine>
            <TextLine id="r1l34" custom="readingOrder {index:30;}">
                <Coords points="574,4294 3466,4290 3466,4194 574,4226"/>
                <Baseline points="591,4275 741,4274 891,4274 1042,4272 1192,4272 1343,4272 1493,4272 1644,4272 1794,4272 1945,4272 2095,4272 2246,4272 2396,4274 2547,4274 2697,4274 2848,4275 2998,4275 3149,4275 3299,4277 3450,4277"/>
                <TextEquiv>
                    <Unicode>entnehme ich keinen Ankunftstag, aber Frieda, die ich eben sprach</Unicode>
                </TextEquiv>
            </TextLine>
            <TextLine id="r1l35" custom="readingOrder {index:31;} textStyle {offset:7; length:8;underlined:true; fontSize:0.0; kerning:0;}">
                <Coords points="620,4359 3448,4351 3230,4272 620,4288"/>
                <Baseline points="639,4341 778,4343 918,4344 1057,4344 1197,4344 1337,4344 1476,4344 1616,4344 1755,4344 1895,4343 2035,4343 2174,4343 2314,4343 2453,4343 2593,4343 2733,4343 2872,4344 3012,4347 3151,4349 3291,4352 3431,4356"/>
                <TextEquiv>
                    <Unicode>diesen Mittwoch</Unicode>
                </TextEquiv>
            </TextLine>
            <TextLine id="r1l36" custom="readingOrder {index:32;}">
                <Coords points="621,4436 785,4415 1304,4428 1304,4349 1215,4331 1057,4355 621,4354"/>
                <Baseline points="639,4409 671,4409 703,4409 735,4407 768,4407 800,4407 832,4407 864,4407 897,4409 929,4409 961,4409 993,4409 1026,4410 1058,4410 1090,4410 1122,4410 1155,4410 1187,4410 1219,4410 1251,4410 1284,4409"/>
                <TextEquiv>
                    <Unicode>Küsse Deine C.K.</Unicode>
                </TextEquiv>
            </TextLine>
            <TextLine id="r1l37" custom="readingOrder {index:33;}">
                <Coords points="1405,4454 1627,4513 2284,4429 2743,4518 3357,4481 3514,4437 3514,4369 1404,4379"/>
                <Baseline points="2995,4411 3098,4409 3202,4408 3305,4406 3409,4403 3513,4400 3616,4397 3720,4394 3824,4391 3927,4388 4031,4385 4135,4384 4238,4382 4342,4382 4446,4382 4549,4384 4653,4386 4757,4390 4860,4396 4964,4403 5068,4412"/>
                <TextEquiv>
                    <Unicode>Ein gutes Wiedersehen einen guten Winter</Unicode>
                </TextEquiv>
            </TextLine>
            <TextLine id="r1l38" custom="readingOrder {index:34;}">
                <Coords points="294,4554 2650,4521 2585,4447 293,4418"/>
                <Baseline points="311,4535 427,4535 543,4533 659,4533 775,4533 891,4535 1007,4535 1123,4535 1239,4536 1355,4536 1471,4536 1587,4536 1703,4536 1819,4536 1935,4536 2051,4535 2167,4535 2283,4533 2399,4530 2515,4527 2631,4524"/>
                <TextEquiv>
                    <Unicode>für uns! Tausend Küsse Deine Clara Katharina.</Unicode>
                </TextEquiv>
            </TextLine>
            <TextEquiv>
                <Unicode>An A.S. Berlin.
Wien, 19.10.1925.
Liebster, ich bin so froh! Die Spieglers haben die Zimmer gemietet
und ziehen am 15.11.ein. Nie hätte ich gedacht, dass man über ein
so kleines bescheidenes Einkommen so glücklich sein kann. Mir ist,
als hätte ich endlich wieder festen Boden unter den Füssen und jetzt
will ich arbeiten, arbeiten! Alles Nähere hoffentlich sehr bald mündlich.
Ich bin gestern und heute ohne jede Nachricht von Dir und sehe der
morgigen Post mit Spannung entgegen. Heute Vormittag in der Wirtschaft
sehr beschäftigt dann an der "Treppe" einige Zeilen weitergekommen.
Nachmittag erst Besuch meiner Mieter, die Anfang November heiraten,
für ein paar Tage fortgehen und am 15. bei mir landen wollen. Dann
zum Thee bei mir: Byck, Emmy Erlanger, Anna, mein Bruder Fredi. Byck
ging bald, weil seine Mutter leidend ist und allein zuhause war, die
Andern blieben bis 8 Uhr. Jetzt bin ich allein und von Dankbarkeit
erfüllt, dass ich über die ärgsten Sorgen hinaus bin und wünschte
nur, ich könnte meine gute Laune heute mit Dir teilen. Morgen nach
Eintreffen der Post schreibe ich weiter.
Guten Morgen, mein Liebes und Dank für die eben einge¬
troffenen Zeilen vom 16. Heute Nacht bis 3 Uhr herrlich geschlafen,
dann so wach, dass ich mir die "Schwestern" aus dem Bücherkasten
holte und mit Genuss bis zu Ende las. Dann im Morgengrauen noch mal
eingeschlafen.
Jetzt habe ich in der Wirtschaft viel zu tun, dann in die
Stadt und Nachmittag nehme ich mir die "Treppe" vor.
Ich bin gut aufgelegt und bin froh, dass Du bald kommst,
da ich meine gute Laune nicht gerne anderweitig verschwende -
bin ich!
Ich hoffe morgen noch auf einen Brief von Dir, der die Resulta¬
te der verschiedenen Unterredungen bringt. Deinen heutigen Zeilen
entnehme ich keinen Ankunftstag, aber Frieda, die ich eben sprach
diesen Mittwoch
Küsse Deine C.K.
Ein gutes Wiedersehen einen guten Winter
für uns! Tausend Küsse Deine Clara Katharina.</Unicode>
            </TextEquiv>
        </TextRegion>
    </Page>
</PcGts>
