3827 4678
3130 242 3232 371 4
566 391 3467 564 Es wurde viel darüber gesprochen, in welcher unschönen Weise sich dieses
524 568 3478 717 Fortgehen vollzogen hatte und wie hässlich O. von ihrem Gatten sprach, um
523 696 1728 858 sich selbst zu entschuldigen.
1021 826 3341 1001 Im Jahre 1921 - es war im Trauerjahr nach dem Tode meines
519 964 3342 1072 Vaters - war ich nach einem Aufenthalt in Brioni mit Deinem Sohn
522 1101 3308 1210 Cary am Semmering gelandet und natte dort, durch die Klänge der neuen
525 1249 3363 1374 rhythmischen Musik angeregt, eine Einakterfolge "Foxtrott" geschrieben.
534 1365 3383 1459 Nach Wien zurückgekehrt, schrieb oder telefonierte ich an A.S., dass ich
571 1482 3498 1597 ihm diese Einakter zur Begutachtung schicken möchte und da er sich sehr
501 1619 3521 1748 freundlich dafür zu interessieren schien, eilte ich, ich sie ihm zu senden.
510 1752 3422 1893 Kurze Zeit darauf sagte er sich bei mir an und brachte sie mir, erklärte
563 1889 3419 1992 sich aber gereit sie selbst ins Volkstheater zu tragen und sie dort zu
532 2010 3415 2138 empfehlen, da er sie für durchaus begabt und interessant erklärte kulte
3511 126 3660 290 10
