3686 4707
565 283 1258 429 A.S. nach Berlin.
2172 284 2790 429 2.1.27. Wien.
576 457 973 628 Liebster,
969 607 3261 755 das werden wohl die letzten Zeilen sein, die ich Dir nach
570 717 3472 894 Berlin sende. Und da heute Sonntag ist werde ich sie erst morgen Montag
558 854 1446 1023 in der Früh absenden.
963 968 3350 1197 Wir haben uns eben telefonisch gesprochen und irgend etwas
562 1145 3403 1295 im Nachgeschmack dieses Gesprächs macht mich nachdenklich. Du hast mir
561 1272 3448 1451 glaube ich die theoretische Klarheit menschlicher Beziehungen vorgehal-
598 1422 3441 1521 ten, wenn nicht, als eine unrichtige Einstellung meines Wesens vorgewor-
600 1562 3484 1689 en; eine Beziehung unklar, unrein machen (was eigentlich gleichbedeutend
560 1681 3365 1831 wäre) kann Jeder, es hat dies nicht nur mit dem Wesen, sondern auch mit
529 1829 3211 1951 dem Willen zu tun. Wenn ich die Nase in den Regen hinausstecke, so
564 1933 3405 2091 darf es mich nicht wundern, wenn sie nass wird. Auch ich könnte in Ver-
591 2056 3396 2185 wirrungen und Unaufrichtigkeiten geraten, aber ich würde mir über die-
546 2190 3270 2321 sen Zustand klar sein und ihn auch dem andern Teil klar machen, wenn
552 2319 3357 2494 ich dazu Veranlassung habe. Ich glaube, ich kann viel besser lügen und
549 2467 3436 2629 unwahr sein als Andere wenn ich es einmal will. Und eben darum will ich
537 2547 863 2703 nicht.
935 2687 3322 2844 Du sagst immer, ich missverstehe Dein Wesen. Ich glaube, dass
578 2835 3261 3008 niemand Dein Wesen, Dich, Deine Arbeit so gut versteht als ich. Aber
544 2986 3464 3159 eben deshalb finde ich diese gewisse Männchen-Eitelkeit und dieses Spiel
537 3102 3417 3241 mit der Freiheit so unwürdig. Wir sind ja Beide Gottlob vollkommen frei
574 3225 3454 3387 und die Gebundenheit ist eben ein freiwilliges Gefühl, ist - Liebe. Die-
533 3348 3293 3513 se Gebundenheit soll man heilig halten, so lange eben die Bindung, die
505 3488 3300 3658 Liebe vorhanden ist. Eine andere gibt es nicht in meinen Augen. Aber
575 3616 3456 3801 ein sich selbst und den Andern Beweisen-Wollen, dass man frei ist, heisst
519 3755 3247 3911 beweisen wollen, dass es mit der Liebe nicht so weit her ist. Liebe
523 3863 3245 4070 ist eben ein ganz grosses Format, das Verkleinerungen nicht verträgt
3213 3859 3323 4023 -
520 3999 3039 4153 es kommt dann immer etwas Missglücktes und Verzerrtes heraus.
913 4153 3273 4300 Ich versichere Dich, ich würde es auch ganz gut treffen die
