3702 4718
542 382 1205 537 An A.S.,Berlin.
1858 389 2720 553 Wien, 9. Oktober 1928.
523 535 965 720 Liebster.
920 700 3371 853 heute Früh kam Deine Karte und Mittag fand ich Deinen lieben
555 861 3401 1001 Brief vor, als ich von meinen diversen Gängen heimkam. Zu berichten wä¬
561 1014 3325 1126 re in erster Linie, dass mich Haumeister Siebert, den ich gestern auf-
559 1126 3166 1244 suchte, eben anrief und mir die Wohnung Ecke Hasenauerstrasse und
542 1229 3221 1381 Hochschulstrasse antrug, die ich mir letzthin am Sonntag Vormittag,
583 1380 3205 1490 wie Du Dich erinnern wirst, flüchtig ansah und davonging, weil sie
538 1500 3377 1668 400 S. monatlich kosten sollte. Er glaubt, dass sie jetzt um 300 S. zu
592 1646 3217 1750 haben wäre. Ich sehe sie mir jedesfalls morgen Vormittag noch an
532 1775 3232 1909 und bitte Dich vielleicht mich Donnerstag Früh anzurufen, damit man
633 1899 3450 2004 darüber sprechen kann. Du sagtest damals, die Lage sei vielleicht lär¬
546 2031 3431 2157 mend, aber das kann doch nur an schönen Sonnerabenden in Betracht kommen
557 2142 3346 2283 wo man ja selbst nicht schläft. Auf den ersten Blick hat mir die Woh-
556 2296 3189 2462 nung damals sehr gefallen, aber vielleicht hat sie auf den zweiten
547 2388 3236 2573 Blick grosse Fehler. Vederemo! Ich kann mich nur überzeugen, ob sie
554 2581 3404 2705 gut und preiswert ist, Du musst mir dann sagen, ob Du dafür oder dagegen
603 2660 2858 2843 bist. Ueberlegen kann man es sich natürlich nicht lang.
1022 2805 3311 2951 Denk Dir, als ich gestern Mittag heimkam, war ich in recht
540 2949 3258 3088 trübseliger Stimmung, denn ich war stundenlang herumgelaufen, um eine
586 3071 3293 3223 alte Perlennadel zu verkaufen und hatte sie schliesslich ebenso wie
536 3198 3226 3365 mein goldenes Armband (nicht das, was ich von Dir hab natürlich) im
532 3326 3343 3486 Dorotheum versetzt. Zuletzt verkaufte ich ein Opalringerl meiner Mut-
545 3450 3292 3618 ter, das sie als Mädchen trug mit schwerem Herzen um 40 S. So war ich
529 3590 3337 3719 doch für die nächsten Tage gedeckt, denn ich besass nur noch 30 S. und
522 3722 3237 3854 keine Einnahmen vor 1. November. Ich tröstete mich mit dem Gedanken,
537 3854 3208 4023 dass Onale angeblich Unglück bringen und es vielleicht gut ist, wenn
528 3965 3370 4116 er fort kommt. Kaum war ich zuakuse, rief mich meine Schwägerin Hedwig
518 4082 3164 4243 an und sagte mir, ich solle es ihr und mir nicht schwer machen, sie
511 4268 3364 4375 weiss, ich bin durch den Auszug der Mieter in einer bösen Situation und
