3771 4694
3441 112 3614 241 142
2212 259 3004 429 15.3.1925 Bl.2
664 412 3534 541 mit Michaelis und Paul M. wienerisch-jüdisch genachtmahlt (Gulyas- und
621 559 973 709 Fladen).
1057 625 3527 817 Für heute Nachmittag im Schillertheater Journalisten xxx (mit
607 797 3307 949 Heini als Schmock); - Abend Prinz von Homburg mit Heini in einer
610 975 3406 1106 kleinen Rolle, weiss augenblicklich nicht welche. Jetzt mach ich mich
624 1088 1828 1219 auf seine Wohnung zu besehen.
1099 1180 3271 1350 Es schneit weiter. Und ich grüsse Dich tausendmal, und
606 1343 3395 1473 küsse Dich nur ein Mal,- aber ausführlich und andauernd bis zum näch-
606 1450 1096 1624 sten Brief.
1118 1584 2206 1727 Alles Schöne und Gute. A.
