3771 4723
697 369 1399 497 T gb. 30.10.1930.
701 552 3570 702 Sonntag 30.10. Vormittag Spaziergang mit A. bei gutem Wetter. Trotzdem
697 713 3467 830 stimmungslos. Sein Aussehen elend. Habe Dr.D. meine Bedenken te-
707 823 1151 969 lefoniert.
708 955 3450 1087 Nachmittag bei Baronin Guttmann zum Thee, Abend bei A. Ging zeitlich
709 1082 2317 1204 fort, um jeder Gereiztheit auszuweichen.
710 1213 3321 1379 1.11. Vormittag Stadt. Nachmittag Frieda den Schluss der Novelle
709 1350 3387 1464 diktiert (Mütter" und sie A. hinübergeschickt. Dann zum Nachtmahl
711 1464 3429 1596 zu Otto, Emmy, wo auch Fredi anwesend war. Ganz gemütlich. Zuhause um
728 1607 3439 1720 11 Uhr Nachts rief mich A. an, um mir zu sagen, dass die Novelle zum
710 1742 3352 1864 Basten gehört, was ich geschrieben habe, sie sei staunenswert gut.
711 1851 3386 1976 2.11. Sah A. auch heute nicht. Vormittag Stadt, Nachmittag bei Emmy
750 2012 3301 2165 Erlanger (Frau Prof. Fränkel, Baronin Margutti, Frau Veith). Abend
695 2106 1341 2272 allein zuhause.
701 2235 3419 2402 3.11. Trebitsch und Gattin, Anna und Gisela Berger zum Thee bei mir.
2712 2350 3024 2431 blieben
715 2391 3375 2487 Später auch A. Nach Fortgang der beiden Trebitsch Anna, Gi-
740 2508 3451 2694 sela mit A. zum Nachtmahl. Es war ganz nett, aber A. Ziemlich unbe-
705 2661 3345 2794 teiligt meist mit dem Radio beschäftigt, ging mit den beiden Damen
705 2774 1452 2914 gleichzeitig fort.
691 2889 3511 3073 4.11. Mit A. Vormittag kurzer Spaziergang, dann in die Stadt. Ich bin
705 3037 3415 3197 freundlich, kühl, wie es die Situation erfordert. Am Abend bei Tolnay,
697 3189 3223 3323 A. bei Louis Friedmann eingeladen. Er kam mich in meinem neuen
725 3320 3337 3425 schwarzen Spitzenkleid ansehen, fand mich "bildhübsch" und machte
694 3422 3450 3529 mir einige Komplimente. Ich habe mich sehr gut unterhalten. Die ein-
724 3585 3400 3708 zige gut aussehende Frau. Globoznik und Henry Menasse meine Tisch-
685 3671 3363 3790 herren machten mir sehr den Hof. Für mein "Selbstbewusstsein" sind
696 3837 3325 3968 solche Gesellschaften sehr zuträglich. Der alte Zsolnay (Vaßer vom
731 3923 3406 4106 Verleger) brachte mich nachhause. Henry M. war nicht sehr entzückt
685 4083 3250 4229 darüber, xxx aber es war ganz gut so, ich mag den Lumpen nicht.
677 4204 3413 4335 5.11. Vormittag Stadt. Gutes Wetter. Nachmittag Herma Artaria, rei-
3525 102 3668 272 125
