2794 3362
1763 461 2093 579 3.8.26.
482 556 2484 745 was soll ich vom 25. bis 4. allein anfangen und wie
506 723 2323 848 sinnlos wäre ein solches Programm. Ich hoffe
508 854 2397 974 sehr, dass Du das eingesehen hast und dass sich
507 1015 2464 1102 alles auf das Beste fügen wird, wenn nur das Wet-
518 1114 2272 1227 ter ein Einsehen hätte. Vielleicht will die
572 1266 2418 1361 onne erst wirklich scheinen, wenn wir beisammen
519 1400 2417 1533 sind und Vollmond ist auch am 23.1 Liebes - ich
503 1485 2466 1640 freue mich! Mein Kopf fängt wieder ein wenig an
508 1637 2411 1782 zu schmerzen. Gute Nacht. Ich küsse Dich innig.
1255 1788 1690 1908 Deine C.K.
546 1924 2455 2030 War von mir gar nicht die Rede? Warum haben Lili
535 2056 2424 2172 und O.gestritten? Ich möchte Lili gerne grüssen
505 2176 2524 2329 lassen, aber bestelle es nur, wenn Du es für richtig
480 2290 808 2398 hältst.
2534 110 2677 260 328
