3782 4710
741 287 1385 454 Tgb. 28.4.1930.
737 435 3476 594 Stunde später brüllte ich vor Schmerzen. Cary benahm sich wie
782 566 3511 685 ein Engelyliess zur Vorsicht auch den Assistenten Popper kommen, der
758 708 3508 850 alle Verordnungen gut fand. Carry schlief bei mir. A. habe ich nicht
763 846 1264 999 vers tändigt.
743 981 3462 1094 Als er heute Früh wie gewöhnlich anrief sagte ich ihm erst von mei-
751 1104 3407 1201 ner Erkrankung, ohne ein Wort über den Grund, der sie ausgelöst hat.
745 1236 3412 1346 Ich liege heute noch, denn ich bin sehr müde. A. Vormittag bei mir,
755 1366 3373 1460 las mir einen Brief Arnoldos vor, der vom 3.-16.Mai Urlaub hat und
752 1497 3380 1626 ebenso gerne hier wie wo anders ein Zusammentreffen will. A. sagt:
756 1623 3294 1758 "Hier natürlich". Musste ich erst krank werden, damit er so viel
739 1736 2672 1882 Einsicht hat. Ich äusserte darüber keine Silbe.
737 1886 3393 1988 Die Anwesenheit der U. wird gewiss kein Vergnügen sein, aber alles
2302 1970 2603 2058 in resseur
2742 1977 3101 2063 bestimmt
752 2000 3384 2129 besser als mit diesen Menschen wo anders. Heini kommt viel lieber
718 2156 1185 2268 nach Wien.
740 2337 3427 2475 30.4. Kino. "Die Nacht gehört uns". Der beste Tonfilm bisher. Und
737 2471 3501 2596 doch eigentlich blöd und unerträglich. Nachher Meisl und Schadn. Un-
745 2581 2814 2791 persönliche Konversation. Nachmittag Gisela Berger.
1012 2712 1466 2826 et.Cieur
740 2814 3499 2991 1. Mai. Radio zugehört. Dann Meisl genachtmahlt. Oed wie immer jetzt.
740 2920 2458 3050 Ich frage mich, wie das weiter werden soll.
744 3147 3407 3287 3. Mai. Arnoldo hier. Vor dem Nachtmahl mit A. im Kino "Warschauer"
736 3259 3343 3363 Zitadelle". O. telegraphiert, dass sie Dienstag kommt und wünscht
735 3383 3454 3532 morgen telefonischen Anruf. Wozu?? Ich vermute, dass entweder Heini
736 3533 3546 3661 doch Urlaub bekommt, oder dass sie Aufenthalt am Semmering vorschla-
734 3644 1530 3784 gen will. Vederemo.
722 3820 3451 4002 4. Mai. Also C. kommt Dienstag und Donnerstag fährt er mit der durch-
743 4002 3556 4122 gegangenen und geschiedenen Gattin und den übel beleunundeten Schwie-
747 4093 1794 4261 gersohn auf den Semmering.
740 4218 3431 4424 Ich habe nicht ein unfreundliches Wort erwidert, aber ich werde ihm
