3771 4622
544 296 1181 452 Tgb. 22.9.1930.
535 496 3363 622 23.9. Wir sollen am Abend in ein Variété gehen uns aufheitern. A. will
585 632 1667 763 Karten zu Ronacher nehmen.
550 747 3327 899 24.9. Mäddchenscherereien, suche eine neue. Nachmittag kurzer Spazier-
558 903 3478 1020 gang mit A. A. sehr beflissen und irgendwie verlegen, ich weiss nicht wa-
544 1005 1878 1195 rum. Abend bin ich bei Otto, Emy.
550 1115 3349 1262 25.9. A. telefoniert, dass er heute Abend bei Georgette Boner im Hotel
553 1263 3348 1402 nachtmahlt. Freiheit! Ich bin gleichmässig heiter und freundlich. Ich
557 1398 3422 1567 esse Mittag bei ihm, da das neue Mädchen erst, morgen kommt. Bin heiter,
559 1557 3478 1673 gesprächig. Im Abend bei Tante Clara, dann Hummel in der Stadt. (Demission
556 1684 2127 1780 Cabinet Schober). Man wird es bereuen.
554 1805 3488 1922 Baronin Guthmann ruft mich an, sie sei vorübergehend in Wien, ob ich nicht
561 1922 3371 2073 für ein paar Tage mit auf ihr Gut möchte. Wie gerne möche ich gerade
535 2052 3403 2202 jetzt, aber ich kann das Haus nicht mit einem neuen Mädchen allein las-
563 2190 2773 2354 sen. Pechl Es wäre gesund für A., wenn ich fortführe - -
557 2305 3378 2439 26.9. A. Anruf von grosser Freundlichkett, fragt, was ich gestern getan
551 2443 3324 2590 habe. Antwort: Ich war in der Stadt und bin nach 9 Uhr nachhause ge-
560 2567 3395 2710 kommen. Er: Unbegreiflich, was macht man so lang am Abend in der Stadt?
568 2713 3407 2832 Ich: Bummeln. Dann erzählte ich von der Aufforderung Guttmans und dass
566 2831 2351 2974 ich wohl später nach Zalamber fahren dürfte.
548 2980 3325 3111 Vormittag mit A. Maria Theresien-Ausstellung. Mir kamen Thränen in
569 3086 3401 3288 die Augen als ich das Schlafzimmer Kaiser Franz Josephs betrat. Welche
562 3210 2005 3376 Einfachheit zwischen all dem Prunk.
550 3330 3517 3478 A. von grosser Beflissenheit und Aufmerksamkeit, hinter der bestimmt xxx
564 3477 3513 3598 irgend eine kleine Falschheit steckt. Er kauft mir Kavier und Nächereien.
559 3622 3412 3733 Ich bin sehr freundlich und lasse mir nichts anmerken. Abend Kino, dann
553 3726 964 3888 Imperial.
561 3873 3451 4016 27.9. Mittag die Kinder. Nachmittag holt A. mich zum Spazierengehen. Er
560 3977 3292 4164 ist sichtlich nervös und befangen. Ich wette, er hat für Abend etwas
561 4136 3385 4254 vor. Er erzählt mir, dass Frau Schmidl, (Schwester der Dora M.) ihn zum
569 4224 2626 4411 Nontunahl gebeten, dess es aber abgesagt hat
