3771 3153
2552 123 3559 308 Hotel Regina nach Baden-Baden
2665 287 3433 445 17.6.1925.
747 482 1823 644 weiteren Entschlüsse sein.
749 592 3358 790 Noch rasch ein paar Zeilen mit der Hand geschrieben, denn mir ist
746 780 3351 888 doch als könnte ich Dir so viel mehr von der Herzlichkeit meiner
749 880 3326 1003 Gedanken geben und als müsstest Du die Wärme, die trotz allem in
744 1012 2284 1146 jedem meiner Worte ist, besser fühlen.
1391 1158 2084 1290 Ich umarme Dich.
1684 1300 1949 1401 Deine
1938 1410 2634 1546 Clara Katharina.
741 1568 2284 1701 Ob Du in "unserm" Wald gewesen bist?
1803 1691 2045 1788 - - - - - -
