3771 4715
2010 305 3170 491 Wien, 17.6.1925.Hotel Regina.
2056 451 2802 594 (nach Baden-Baden)
740 560 3404 700 Mein liebes Kind, verzeih, dass ich mit der Schreibmaschine schrei-
757 740 3290 844 be, aber Tinte und Feder in meinem Zimmer sind in unbrauchbaren
751 857 3294 968 Zustand, und ein Bleistiftbrief würde bei der Verfassung meiner
761 1006 3375 1112 Nerwen unleserlich ausfallen. Ich hoffe dieser hierwird trotzdem
758 1131 3345 1259 nicht unpersönlich wirken. Je mehr ich mir unsere letzten uner-
776 1214 3323 1354 quicklichen Gespräche und ihre Veranlassung durch Kopf und Herz
775 1363 3422 1498 gehen lassen, desto mehr fühle ich, wie sehr mich Dein Verhalten in
762 1514 3425 1627 diesen und ähnlichen Fällen verletzen muss und immer wieder ver-
762 1657 3409 1755 letzen wird, insolange Du und unsere Beziehung mir eben etwas be-
762 1788 1095 1904 deuten.
768 1882 3292 2002 Von Deiner Frau ist es ein takt- und geschmackloser Versuch, den
777 2025 3330 2138 sie ganz bestimmt unterlassen würde, wenn sie irgend ein anderes
781 2165 3475 2264 Interesse hätte, wenn sie sich jemand andern zugehörig fühlen würde,
773 2282 3416 2414 umso mehr als ihr dieser ganz gemiss eine so dringliche Einladung
763 2415 3373 2552 an Dich ganz gewiss verargen würde. Dass niemand da ist, ist der
757 2542 3367 2681 Grund, - aber vielleicht auch die Entschuldigung ihres Vorgehens,
752 2676 3371 2823 dessen Zweck mich auch bei einer abgeklärten Freundschaft ihrer-
767 2814 2048 2923 seits, nicht zu täuschen vermag.
763 2925 3313 3057 Deine Einstellung aber ist mir vollkommen unerklärlich, denn sie
767 3069 3390 3185 ist eine ungeheure Schwäche nach der einen Seite, ein Mangel je-
767 3203 2225 3336 der Rücksichtnahme nach der andern.
776 3331 3322 3465 Es erscheint mir als etwas so selbstverständliches, dass man für
773 3478 3386 3604 einen Menschen, den man liebt, gerne alles unterlässt, was ihn ver-
759 3598 3415 3709 letzt oder kränkt und glücklich ist ihm eine Freude zu bereiten, -
765 3728 3392 3852 dass ich Deiner Auffassung hier völlig verständnislos gegenüber-
778 3845 1049 3968 stehe.
775 3958 3405 4098 Ich glaube, ich würde gerne täglich einen steileren Weg als den zu
773 4118 3403 4238 jener Villa hinaufsteigen, wenn ich Dir damit eine Kränkung erspa-
768 4236 3458 4392 ren würde, Dir aber ist eine kleine Unbequemlichkeit, ein missbilli-
3491 107 3639 218 160
