2806 3370
1417 330 1990 474 Paris, 6.5.97.
372 534 2312 662 Mein lieber Hugo, Fischer hat den Satz von Mimi
426 716 2471 844 auf meinen Wunsch bereits ablegen lassen, und so ist
424 861 2439 970 die letzte Gefahr geschwunden. Ich hoffe, Sie haben
415 1004 2403 1106 einen vorigen zweiten Brief, in dem ich Ihnen auf
414 1154 2465 1294 ihr diesbezügliches Ersuchen geantwortet, erhalten? -
421 1286 2400 1422 ist es ruhig geworden im Hause Loeb? - Wie geht es
401 1420 2398 1535 ter geschädigten Verfasserin der Scenen aus einem
412 1575 936 1685 Mädchenleben?
469 1715 2498 1830 Die Delma (?) hab ich schon gehört; gerade am Abend
387 1808 2540 1961 bevor Ihr Brief kam, als Orpheus. Sie hat eine mächti-
396 1976 2431 2097 ge, nicht immer edle Stimme, eine besondere Höhe der
388 2135 2527 2229 Darstellung und des Gesanges erreicht sie am Schluss;
385 2244 2470 2396 da bin ich tief ergriffen gewesen - bis dahin hatt'
395 2416 1985 2538 ich die Papier nicht vergessen können.-
387 2539 2497 2657 Jetzt eben komme ich von einer Matines im Français,
397 2662 2560 2782 wo man den Misanthropen gegeben hat. Um hier der ab¬
380 2815 2548 2932 soluten Grösse inne zu werden, muss man sich doch erst
375 2939 2404 3080 historisch montieren, was weder bei Sophokles noch
