3771 4703
2315 271 3399 424 Venedig,Freitag, 21.4.1927.
2517 377 3195 465 Hôtel Bonveciati
2283 435 2837 569 (nach Wien).
594 583 3331 736 Liebstes, man sollte nicht glauben, in wie kurzer Zeit ein Zimmer, das
591 740 3237 890 einem noch gestern beim Einziehen unbewohnbar schien, vertraut und
585 917 3358 1026 geradezu sympathisch wird. Allerdings habe ich das meine dazu getan;
596 1019 3412 1148 der wackelige Tisch ist durch einen soliden ersetzt; ein zweiter dazu
597 1162 3442 1302 gekommen (um Bücher und dergl. hinzulegen), gewisse Unzukömmlichkeiten
593 1271 3529 1381 des Badezimmers (das immerhin dabei ist) sind durch einen Mechaniker
598 1414 3435 1544 abgestellt worden und die Aussicht, die anfangs abscheulich wirkte, habe
599 1555 3476 1668 ich mich entschlossen als charakteristisch zu empfinden. Für einen Film-
595 1648 3357 1796 regisseur wäre sie unbezahlbar. Mir gegenüber eine grosse Terrasse,
643 1790 3361 1918 auf der eine Art (1 Wort unleserlich) arbeitet; - im Hintergrund
604 1896 3322 2077 geschlossene Fensterläden; - dann ein Holzzaun - gleich daneben eine
595 2078 3255 2209 Glasdach von einer roten Mauer flankiert; vor meinem Fenster eine
603 2168 3433 2310 unpraktikable Terrasse, - mit Orangenschalen, Petzen, einem kleinen Rauch-
619 2341 3377 2450 fang -danebem ein Lichthof, auf der andern Seite Blick in den Restau-
608 2455 3399 2597 rationsgarten des Restaurants. - Auf dem Nebenhaus eine Riesenantenne,
643 2571 3412 2717 Telegraphendrähte, die schief von Haus zu Haus laufen - das Ganze von
601 2698 3425 2814 allen Seiten völlig abgeschlossen. Kein Ausblick auf Strasse oder gar
602 2843 3255 2958 Meer, nicht einmal ein fernes Dach oder ein Thurm zu sehen; nur ein
605 2950 3417 3130 (glücklicherweise blauer) Himmel, der sich drüber spannt - und völlige
630 3110 3163 3233 Stille; - das ganze für eine Verbrecherjagd wie geschaffen.
616 3247 3283 3349 Aber wo gerathe ich hin? Es handelt sich ja um kein Scenarium; ich
606 3348 3411 3480 will einen Reisebericht schreiben. Also die Fahrt verlief glimpflich.
2999 3441 3206 3516 unis
611 3484 3478 3604 u. war mit an der Bahn, auch Dr. Bloch, der sie nach der Stadt begleitete.
604 3608 3438 3744 Ich schlief ziemlich schlecht. Im Nebencoupé Franz P. (Mariannens Sohn)
608 3745 3333 3894 sowie ein Holländer, der mir eine Karte mit einer Venezianer Adresse
620 3875 3414 3994 vorwies: wo dieses Haus sich wohl befinden möge - es war Almas Adres-
645 4037 3301 4164 se und der Holländer einMusiker, Verehrer Mahlers. In Treviso stieg
605 4161 3475 4291 schwarzhendig und bedrohlich anzusehen A.C. ein; Ankunft in Venedig um
