3690 4703
502 281 1196 434 An A.S.,Venedig.
1861 300 2515 454 Wien, 27.4.1927.
499 573 893 710 Liebster,
852 718 3220 869 heute Früh kamen Deine beiden lieben Briefe vom 24. und 25
505 867 3342 966 Also, Du hast erst für Samstag Schlafwagen und ich sehe Dich somit erst
498 979 3245 1121 Sonntag. Meine Gedanken hatten sich schon auf ein Wiedersehen am Sam
497 1061 1014 1216 eingestellt.
1047 1211 3321 1382 Du weisst nicht, was Tage und Stunden jetzt für mich be-
492 1377 3344 1512 deuten. Gestern war Karl um eine halbe Stunde um die Mittagszeit, meine
492 1497 3290 1648 Tante Russo von 4-5 bei mir. Sonst war ich den ganzen langen Tag mut-
494 1627 3317 1774 terseelenallein und dabei dieses stumme, Gesichter schneidende Mädchen!
497 1728 3266 1897 Ich lese viel, aber es bliebt genug Zeit zum Denken.- Morgen soll ich
491 1879 3296 2013 endlich versuchen aufzustehen. Freitag womöglich in die Ordination zu
477 2002 3329 2149 Elias. Schmerzen habe ich keine, aber eine grosse Müddigkeit ist in mir
484 2129 3010 2254 und so eine Sehnsucht nach Sonne, Wärme und ein bischen Freude.
1064 2273 3382 2401 Den Wahlaufrug, von dem Du schreibst, habe ich nicht gele-
476 2406 3400 2600 sen. Am Sonntag war ein guter Artikel von Otto in der Neuen Freien Pres-
479 2526 3370 2675 se. Eigentlich lassen mich die Wahlen und ihre Resultate ganz kalt. Die
487 2646 3245 2812 Parteien sind mir alle gleich ekelhaft und helfen wird mir weder die
485 2783 1377 2897 eine noch die andere.
1078 2921 3403 3081 Ich bin sehr neugierig auf das Ergebnis Euerer Wohnungs-
475 3047 3316 3211 suche. Sehr wichtig sind die Heizmöglichkeiten für den Winter. Man kann
483 3195 3397 3312 sich so schwer in die Venzianer Häuser eine Wohnung mit modernem Komfort
482 3293 797 3432 denken.
2302 3449 2778 3612 Nachmittag.
1016 3536 3360 3699 Zu Tisch waren Magda und Cary da und meine Schwägerin Emy
499 3676 3346 3832 Vormittag auf einen Sprung. Der Nachmittag und der Abend liegen einsam
475 3802 819 3938 vor mir.
1005 3917 3309 4146 Eben rief mich die Hofrätin Z. an. Dem Wasserfall ihrer
442 4068 3220 4266 Rede entnahm ich, dass Zsolnay jetzt bereit sei meine Ueberseizung zu
457 4231 3376 4374 bringen, dass die Sache sich jetzt wieder daran spiesst, das Géraldy den
