3742 4674
2000 289 3305 468 Baden-Baden,Dienstag,1.7.1924.
2292 480 2770 658 (nach Wien)
604 633 3304 779 Liebste, als ich gestern Mittag nachhause kam lag Dein Expressbrief
578 791 3271 932 da - der erste Gruss aus Wien, Dein erstes Lebenszeichen - es hätte
586 899 3475 1028 Nachricht nicht früher da sein können, und doch scheint mir eine unver-
548 1040 3500 1149 hältnismässig lange Zeit verstrichen, seit ich das letzte Mal Deine Stim-
573 1178 3466 1340 me gehört (denn ich höre sie auch aus Deinen geschriebenen Zeilen). Ich
616 1310 3323 1407 lächle (geschmeichelt), dass Du meine Ratschläge brauchst. Das Wich-
585 1415 3424 1560 tigate zuerst - die Honorarfrage. 400 für die Novelle scheintmir etwas
544 1561 3353 1686 wenig. Sagen wir 500. Bist Du ungeduldig, so ist gegen das Abendblatt
620 1673 3455 1805 natürlich nichts einzuwenden; aber mir scheint das Morgenblatt mehr en
2922 1792 3290 1880 avisierst,
568 1842 3410 1941 vue. An Reklam gleich zu achreiben wäre ganz gut: - Du xxx xxx ihn
576 1963 3415 2130 denk ich, dass Du ihm gleich nach Erscheinen die gedruckten Fortsetzun-
565 2102 3335 2204 gen schicken wirst.-Wenn Frau Rundt Dir abrät zu Frau H. zu gehen, so
564 2214 3417 2331 tu es auch natürlich nicht; in solchen Dingen sind die Leute kindisch
570 2339 3369 2477 unGempfindlich und es wäre nicht politisch, das freundliche Interesse
576 2471 3456 2646 der Frau R. der ganzen Angelegenheit gegenüber, aus Uebereilung in Frage
581 2619 3478 2768 zu stellen.-Zsolnay halte ich im gegenwärtigen Moment für aussichtslos.-
565 2729 3484 2908 Ich nehne übrigens an, dass bei Eintreffen dieser Zeilen auch das letzte
558 2864 2898 3020 Gedicht fertig übersetzt ist, und ich freue mich darüber. -
595 3021 3364 3175 Ich befinde mich hier ziemlich mässig; - die Unterhaltungen über die
535 3135 3283 3251 beiden wesentlichen Probleme: das Kind; - und die Finanzen sind
1235 3222 1507 3317 wie
600 3272 3329 3372 ebenso misalich und erregend. Im übrigen ist es hier teurer als ich
565 3369 3416 3539 schon gefürchtet; und auch aus Deutschland fährt alles in die Schweiz,-
558 3549 3273 3662 um billiger zu leben. Mein Hotel ist sehr nett; das Essen unmöglich.
541 3647 3427 3795 Das Wetter scheint prächtig: - heute eher kühler und ich freue mich auf
553 3801 3410 3929 einen Spaziergang in "unsre" Gegend vom vorigen Jahr die übrigens lan-
547 3898 2727 4059 ge nicht so reizvoll wirkt, seit sie nur "meine" ist.-
547 4057 3327 4168 Die Doppelnovelle hab ich durchgesehen; am letzten Drittel wirdnoch
550 4193 3204 4338 mancherlei zu machen sein.- Lektüre: Proust-Werke.- Den Roman von
537 4284 1091 4443 Exel-Lübbe.-
3519 83 3661 240 66
