3771 4622
641 278 1082 420 21.6.1931.
616 484 3456 645 4 Uhr. Eben hat A. mich angerufen. Maupray ist schon in Wien, wie Frau
630 630 3495 772 Clauser ihm gerade telefonisch mitgeteilt hat. Und sie kommt zwischen
639 738 3371 860 6 und 7 mit M. zu ihm wegen des Vertrags und da das vielleicht 1½-2
616 873 3380 1029 Stunden dauern wird, soll ich erst um ½9 antreten. - Gut, ich habe ihm
642 961 1487 1142 nicht mehr zu sagen.
649 1141 3459 1251 22.6. Die Unterredung gestern war so trostlos und so rezultatlos, dass
648 1282 3419 1381 ich schliesslich wie eine Irrsinnige in den Sturm und Regen hinaus-
633 1395 3469 1506 lief und ganz gebrochen nach Hausekam. Ich wagte ihm nach einem 3 stün-
615 1541 3440 1674 digen Gespräch: "Du bist schliesslich immer der Stärkere, denn ich er-
635 1674 3309 1812 trage es nicht, dass du schlecht aussiehst und diese Unterredungen
641 1783 3520 1936 dich alterieren und werde schliesslich müd und mürbe.“ Er immer wieder,
620 1933 3460 2099 er will und kann mich nicht verlieren. Er will meine Freiheit, er will
622 2055 3297 2163 allein sein und dann auch wieder mit mir und ich soll irgendwo in
627 2200 3369 2356 der Welt immer irgendwo für ihn vorhanden mein und niemand bedeute
644 2297 3322 2495 ihm so viel wie ich. Ich habe trotz zwei Quadronox-Tabletten nur 2
639 2432 3317 2605 Stunden in der Nacht geschlafen und bin heute unfähig aufzustehen,
612 2589 2172 2719 Nachmittag kommt Assistent Dr. Popper.
627 2741 3438 2869 23.6. Dr. Popper fand mich sehr herunter, ich hatte vor ihm einen Wein¬
633 2820 3469 2970 krampf. Der Dickdarmkatarrh, durch meinen Nervenzustand verschlechtert,
634 2977 3388 3129 bedarf dringend Schonung und Diät. Er untersuchte auch mein Herz, und
628 3118 3464 3266 sagte, da fühle er sich nicht genügend kompetent, ich soll einen Spezia-
626 3222 3433 3372 listen fragen. An der Wirbelzäule habe ich eine kleine Verdickung, die
641 3370 3369 3477 ich mir bei dem Fall auf der Treppe in der Bründlbadgasse zugezogen
620 3506 2985 3670 haben dürfte. Ich soll eine Röntgenaufnahme machen lassen.
623 3614 3437 3746 A. rief mich dreimal an, um nach meinem Befinden zu fragen und dann um
621 3747 3457 3898 7 nochmals, ob ich ein wenig spazieren fahren will. Ich sagte "Ja", denn
620 3862 3326 4051 im Türkenschanzpark tobte ein Fest mit furchtbar viel Lärm und ich
625 4008 3472 4178 hatte den ganzen Tag im halbdunklen Zimmer gelegen, denn weder die al-
629 4166 3540 4329 te K Aushilfeköchin noch ich konnten die Rollbalken aufziehen. Wir sind
591 4271 1153 4445 aufe Obbenzl
