3742 4630
648 379 868 538 1928
871 512 3458 672 Trotz späterer grosser Zärtlichkeit von seiner Seite kam keine rich-
673 683 2140 836 tige Stimmung mehr zwischen uns auf.
674 772 3440 940 6.10. A. um 5 Uhr abgereist. Ich raffte mich aus einer geradezu ver-
674 917 3390 1055 zweifelten Stimmung auf und ging zu Tante Clara. Tante Sidonie, alle
668 1050 3330 1243 Cousinen dort, man beglückwünschte mich zu den "Lasttieren", die in
659 1195 2246 1326 der Neuen Freien Presse erscheinen.
671 1339 3390 1461 7.10. Hofrätin Z. ruft mich an, ladet mich für nächsten Sonntag ein.
665 1452 3362 1604 Ihre Schwester Clemenceau und Painlevé kommen aus Paris. Sie er-
682 1570 3326 1701 zählt mir von dem neuesten Skandal der O. in Berlin. Die O. hätte
675 1704 3369 1853 ihre Wohnung von der Schauspielerin Salmanova gekauft, die sehr arm
682 1853 3439 1967 ist und ihr 3000 Mark Angabe gegeben. Jetztweigert sie sich den ver-
683 1986 3437 2125 einbarten Rest von 3000 Mark zu zahlen und droht, die Salmanova anzu-
675 2099 3347 2247 zeigen, da der Wohnungsverkauf gesetzlich nicht gestattet ist. Die
663 2222 3503 2365 Terwin hat es der Hofrätin erzählt und erklärt, die O. werde in Berlin
682 2375 3255 2496 boykottiert, da das aufgelegter Betrug ist. Ich für meinen Teil
657 2477 3536 2642 glaube weder der Terwin,noch der Salmanova, noch der O. Alles Komödian-
685 2600 2998 2777 tenpack. Aber A. wird es wieder Geld kosten. Seine Schuld.
686 2751 3408 2877 9.10. Gestern den ganzen Vormittag in der Stadt herumgelaufen, etwas
683 2902 3358 3038 Sonmuck verkaufen. Hab schliesslich eine Perle und ein Armband im
679 3020 3291 3155 Dorotheum versetzt und ein altes Opalringerl meiner Mutter unter
678 3129 3421 3299 Thränen um 40 S. verkauft. Als ich heimkam, rief mich Hedwig an,ich
688 3300 3495 3421 soll es ihr und mir nicht schwer machen, sie hat mir einen Betrag an-
685 3400 3421 3542 gewiesen, der mir über die nächsten Wochen hinweghelfen soll. Zuerst
690 3565 3450 3700 wolte ich durchaus nicht, aber sie machte mir ein Nein unmöglich. Und
691 3671 3306 3806 ich bin ihr viel lieber dankbar als A. Wie gut ist es doch, diese
681 3808 3356 3942 drückendsten Sorgen los zu sein und wie froh bin ich nichts von A.
691 3947 3366 4109 genommen zu haben.-Brief von ihm. Er hat gleich am ersten Abend
3268 3991 3518 4129 debec
681 4080 3521 4238 das neue Stück O. und Heini vorgelesen. - - Sehr wichtig, dass sie über
3241 4165 3521 4290 Wai
