3771 4723
524 144 987 267 Fortsetzung
431 229 1064 383 27 ten I. 1931
452 510 3400 634 27ten I. Die Damenjause ganz gut ausgefallen. Enny Erl.Else Gotthilf Brin.
448 615 3341 759 Guttmann Marg. Königswarter und Schwägerin Hedwig. Meine Wangen gluhten
460 739 3305 892 u. ich sprach sehr viel. ebenso am Abend bei Wellenz. Alle fanden ich
469 870 3336 1006 sehe sehr gut aus. Hofr. Drucker und Frau Direktor Engel u. Gattin ein
454 986 3421 1155 franz. Ehepaar. Alle sehr intelektuell. Und mir ist eigentlich übel vor
448 1105 3130 1275 aller Intellektualität. Erst um I zu Hause. Heute müde wie immer.
458 1259 3439 1423 V. M. bei herrlichem Wetter kleiner einsamer Spaziergang. Sonst liege
472 1374 1671 1528 ich meist am Divan und döse--
465 1511 3287 1675 Meine Lust zum arbeiten u. fuhle wie die Zeit vergeht - kostbare Zeit.
467 1650 3434 1824 Der Bruder der Frieda Hofrat P. hat sich zum Besuch angesagt. Kurze te-
459 1767 3437 1918 lefonische Gespräche mit A.. Ich gehe am Abend mit ihm ins Kino. (Alraum
472 1902 2563 2054 ) nachher jeder für sich nach Hause. Um so besser.
461 1997 3350 2193 2öten I. Unglaublicher schönes Wetter. A. täglich bei den Proben im 6
469 2159 3344 2334 Burgtheater. Ich V. M. in der Stadt. Gestriger Film trotz Bassermann u.
463 2296 3385 2430 Brigitte Helm mehr langweilig. Heimjahrt - jeder in seine Ecke gedrückt
478 2468 3348 2596 Für meine Diät für seine Gesundheit geschieht nichts, das einzige was
464 2572 3338 2696 man vo lbracht hat, war mich zu verschrecken, mich mundtod zu machen.
475 2675 3420 2845 Gestern ist A. wieder in den 9ten Stock hinauf zum Burgtheater- Schneider
470 2814 3045 3001 hinauf gestiegen ( wo er sich Samt - Schlafröcke machen lässt)
454 2985 3391 3095 Manchesmal glaube ich man hat einen Zweck damit verfolgt mir diese Angst
466 3101 959 3251 einzujagen.
463 3232 3455 3355 Heute Abend sollen wir ins Theater an der Josefstadt zur "Voruntersuchung
467 3343 3463 3468 Fredy war bei mir zu Tisch. Dann bin ich in einem Zustand des Hindämmer
507 3462 3407 3603 am Divan gelegen. Nein, nein, ich werde nichtmehr zärtlich sein wenn
477 3617 3025 3763 es nicht von ihm ausgeht, so erniedrigen werde ich mich nicht.
473 3755 3317 3895 In der selben Nacht. Als A. mich ins Theater abholte war ich schon fix
467 3863 3382 3995 und fertig angezogen. Schwarzes Kleid schwarzes Pelzbarett, Pelzmantel,
465 3994 3424 4105 Türkis-Schmuck wie. Gleich beim Hereinkommen sagte er; Nein wie elegant:
482 4140 3319 4239 (ich bin schon hundertmal so angezogen gewesen) Er setzte sich einen
469 4247 3373 4418 Augenblick, ich mich ihm gegenüber. Wir sprachen Gleichgiltiges, dann
3490 107 3664 304 145
