3686 4670
1595 256 1791 397 VIII
2296 442 2963 624 Riva, 11.8.1925.
614 447 1554 616 An A.S. nach Karersee.
616 589 1149 748 Mein Liebes,
1086 699 3245 838 meinen Expressbrief von heute Früh muss ich noch ein
619 878 3352 977 paar Zeilen folgen lassen. Nämlich: Carl hat sich für Samstag einen
631 972 3350 1096 Schlafplatz nach Wien bestellt und eben die Nachricht erhalten, dass
613 1107 3312 1259 nichts zu haben ist. Nun will er durchaus schon Freitag den 14.von
621 1258 3316 1378 hier nach Campiglio und Samstag bereits von Bozen nach Wien, um den
604 1376 3306 1527 Sonntag zum Ausschlafen zu haben. Würde ich ihn nun nach Bozen be¬
634 1503 3357 1634 gleiten, so träfe ich schon am 15. dort ein, was Dir vielleicht Heinig
630 1664 3428 1784 wegen nicht angenehm sein dürfte. Ich bitte Dich also um genaue Nach¬
621 1768 3275 1893 richt, ob Du mich in Bozen haben willst und an welchem Tag etc. Im
612 1884 3276 2036 übrigen verweise ich Dich auf meinen Expressbrief, in dem ich alle
659 2038 3185 2142 Möglichkeiten erwähnt habe. Bitte sich nur, dass ich Donnerstag
631 2162 3360 2285 weiss, was ich soll, umso mehr als Carli schon Freitag fort fährt. Es
634 2283 3422 2404 ist heute furchtbar heiss, aber ich glaube, es kommt ein erlösendes Ge¬
626 2423 3418 2525 witter. Entschuldige Schrift und Stil, aber ich bringanz matt. Telegra¬
618 2559 3265 2667 phiere eventuell Donnerstag und ich antworte telegraphisch, wobei
620 2674 1339 2839 es bleibt
1284 2796 2363 2951 Es küsst Dich innig Deine
1930 2917 2142 3059 C.K.
