3674 4687
391 619 3474 809 was ich will. Er hält diesen Vorschlag für sehr wirksam oder schlau oder was
395 730 2065 946 weis ich – ich finde es ist eine Schmach.
429 903 3451 1083 Was soll was kann aus all dem noch Gutes werden? Aber wenn ich dieses zer¬
429 1052 3382 1225 quälte graue Gesicht sehe, greift es mir ans Herz. Was er tut ist nicht¬
412 1152 936 1280 mehr normal.
507 1598 3433 1812 Diese ganzen Aufzeichnungen, von der Fahrt auf den Semmering angefangen
478 1768 3480 1957 bis zum Tode A’s. sind fast alle von mir selbst aus den Originalen abgeschrieben da ich auch
471 1852 3412 2056 Frieda keinen Einblick in diese letzte furchtbare Zeit geben wollte. Sie
472 2027 3265 2169 sind oft verklopft und fehlerhaft da es mich innerlich sehr hernahm
467 2163 3399 2352 und auch jene Tagebuch-Eintragungen elend geschrieben und oft unleser¬
508 2258 1024 2410 lich sind.
1196 2394 3048 2677 Maria Katharina Pollaczek
