3726 4662
2305 123 2925 297 11.8.24. Bl.2.
588 311 3299 505 mich mässig; - statt des allzu opulenten Diners -Thee mit Schinken.
474 485 3321 633 Lese Wassermannsche Novellen (Der Geist des Pilgers) und Jenseits von
494 583 3412 810 Gut und Böse! S.Fischertelefoniert aus Flims, Lichtensterns aus Locarno,
492 761 3425 947 dass sie Ende der Woche hieher kommen möchten (sie hatten zuerst in Zuoz
538 881 3221 1049 angerufen, wo ich mich befinde (um Missverständhissen vorzubeugen).
534 967 3395 1165 Von Herterich noch keine Nachricht! Lili muss jedesfalls am 15. in Wien
494 1164 3342 1315 sein wegen Nachprüfung; Olga kommt vorläufig nicht nach Wien; sondern
489 1272 3347 1461 besucht vorerst Frau Koppel in Köln und vielleicht eine andere Familie
485 1391 3409 1606 (Mame entfallen) in Berlin. Also begleite ich jedesfalls Lili nach Wien.
485 1530 3362 1735 Und werde kaum viel später als Du wieder zuhause sein (wohl schon an 7.
481 1660 3445 1854 oder 8.). Nun, mein Liebes, möchte ich Dir einen Vorschlag machen. Möchtest
505 1811 3372 1992 Du nicht - wenn das Wetter den gleichen Charakterbeibellält, ins Engadin
478 1907 3357 2081 kommen? Am besten nach St. Moritz, - in welchem Fall wirs am bequemsten zu
510 2057 3366 2228 einander hätten. Heini fährt am Sonntag fort, Lili und Olga bleiben vo-
462 2198 3365 2391 raussichtlich im Zuoz; - Du und ich, wir würden dann vom Engadin aus an
468 2294 3484 2473 einen italienischen See gehen, bis ich Lili xxxk - entweder in Zuoz (unwahr-
510 2463 3210 2620 scheinlich) oder vom Vierwaldstättersee aus abholen müsste.-Ist Dir
507 2601 3222 2746 aber die Reise herauf unbequem, so würde ich natürlich Dir entgegen;
464 2742 3423 2929 entweder Luzern oder Bern, ( es wär gar nicht underkbar, dass mich Lichten-
497 2830 2265 3015 sterns in ihrem Auto da hinunter brächten).
453 2980 3360 3156 Deine lieben schönen Briefe aus Selisberg waren mir ein Labsal (obwohl Dr.
443 3099 3294 3291 Du eine noch schlechtere Schrift hast als ich). An dem Vierwald-
442 3222 3376 3412 stättersee bin ich aber unschuldig; - (ebenso wie an dem zu dicken Doktor
438 3350 3300 3530 und der grischen Frau Weiss; - von Hermine, Heymerle und Liane gar nicht
417 3457 952 3621 zu reden.-).
462 3618 3336 3831 Nun, mein Liebstes, nehme ich mir den 2.Akt mit und spaziere in den Wald.
419 3744 3204 3962 Heut hab ich einen ganz einsamen Tag: es wird dem Weiber hoffentlich
429 3901 2256 4038 förderlich sein. Ich umarme Dich zärtlich. A.
1545 4028 1830 4161 ------
3487 123 3626 299 88
