3686 4667
690 449 3376 636 verständnislos gegenüberstand. Ich ging für 14 Tage auf den Cohenzl
712 621 3345 756 nauf, um mich ein wenig zu erholen und obwohl wir uns nicht gerade
954 715 1497 817 malgerere
632 767 3304 882 am Vorabend gut gesprochen hatten, fand ich mein Zimmer oben von A.
621 904 3261 1009 mit Blumen geschmückt. Er erschien noch am selben Tag bei mir und
625 1019 3304 1174 wir waren während dieses kurzen Aufenthaltes nahezu täglich und in
629 1185 3346 1292 einer guten Stimmung zusammen. Ueber die weiteren Sommerpläne aber
621 1290 3454 1408 konnte A. zu keinem rechten Entschluss kommen und ich spürte deutlich,
622 1418 3388 1573 dass er seine Pläne trotz des Wunsches, mit mir zusammenzukommen, wie-
607 1545 3373 1686 der von den Plänen und Absichten seiner Familie abhängig machte. Aus
648 1660 3397 1776 diesen Konflikten ergab sich schliesslich wieder eine böse Szene, ein
622 1776 3399 1901 schlimmer Brief und ein Zusammensein unter keinem glücklichen Stern.
3470 105 3540 298 370
