3686 4667
2641 457 3059 590 6.8.1925.
683 603 1488 750 heisst, was sie tun.
1174 730 3267 852 Ich benütze diesen stillen Nachmittag, um Dir diesen
692 886 3382 1001 riesig langen Brief zu schreiben. Ich denke, Samstag kann der erste
639 999 3381 1125 Brief vom Kararpass-Hotel hier sein, ich erwarte ihn mit grosser Un-
658 1155 3301 1241 geduld. Schreib mir nur alles, wovon Du glaubst, dass ich es wissen
656 1282 3186 1389 möchte. Ich bin auch schon neugierig auf Deine weiteren Pläne.
1171 1373 3385 1527 Das Hotel hier sieht im ersten Moment viel besser aus,
648 1528 3390 1645 als es eigentlich ist. Das Essen ist wie im "Spendid" oder am Lido
636 1651 3319 1774 im Hotel des Bains seinerzeit und in Brioni. Der Direktor ausser-
654 1806 3466 1901 ordentlich unsympathisch, sieht wie ein Hakenkreuzlerischer Tunnlehrer
653 1919 3512 2054 mit Bart aus. Sein Stellvertreter ist ganz nett (dürfte ein ehemaliger
652 2055 3154 2182 Offizier sein.) Ich wende mich an ihn, wenn ich etwas brauche.
1175 2166 3292 2304 Carli will am 15. von hier nach Madonna di Campiglio
654 2294 3450 2456 hinauf, dort übernachten, am nächsten Tag nach Bozen und von dort nach
659 2455 948 2560 Wien.
1178 2552 3239 2683 Was ich tue, weiss ich nicht. Erst wenn Deine Pläne
706 2686 3223 2813 feststehen, mache ich Programme und lege sie Dir vor. Je früher
652 2867 3412 2968 Du mir Deine Absichten mitteilst, desto lieber ist es mir natürlich.-
718 2992 3397 3084 Wenn das Wetter gut ist wollen wir morgen mit dem Schiff um sieben
668 3070 3297 3223 Uhr Früh nach Gardone und kommen erst um 5 Uhr Nachmittag zurück.
670 3212 3401 3335 Die Verbindungen sehr sehr dumm zusammengestellt. Sollte das Wetter
715 3343 3284 3499 unsicher sein, so fahren wir nach Torbele und lassen Gardone auf
700 3471 1762 3633 den nächsten schönen Tag.
1183 3581 3467 3751 So, jetzt ist es $5 Uhr geworden, der Regen hat aufgehört,
711 3747 3446 3881 die Luft ist ganz schön, und ich will einen einsamen Spaziergang ma-
718 3888 3354 4026 chen. Ich muss immer an das Karerpass-Hotel denken - ich sehe das
667 4000 3476 4137 Gastzimmer, in dem wir den starken Schnaps tranken, um uns zu erwärmen-
1196 4159 3275 4247 Hat Herr Steffeneli nach mir gefragt? Der wird sich
606 4195 3253 4345 auch nicht mehr auskennen. - Lebwohl, Liebster, ich küsse Dich innig
600 4292 1729 4417 auf Deinen lieben Mund.Deine
1716 4345 2384 4501 Clara Katharina.
3487 120 3569 231 85
