3702 4674
2109 294 2903 474 Wien, 7. August1926.
484 315 1249 470 An A.S., Adelboden.
478 579 3298 709 mein Liebes, dies wird wohl der letzte Brief vor meiner Abreise sein -
466 715 3185 851 ich schreibe inn wieder um 6 Uhr Früh im Bett, gestern kam ich beim
524 866 3221 993 besten Willen nicht dazu. Dafür stehen meine Koffer, der grosse und
519 970 3224 1100 der kleine schon gepackt da. Ich habe nicht gerne eine Hetzerei am
494 1107 3300 1215 letzten Tag. Gestern Vormittag war ich beim Schenker meine Fahrkarten
471 1233 3248 1355 besorgen etc. etc. Gestern Nachmittag habe ich während des Einpackens
470 1357 3384 1481 meine Sachen selbst überbügeln müssen, denn die alte Poldi ist zu keinem
458 1523 3347 1630 Handgriff zu brauchen. Ich habe mich noch nie bei einer Abreise so ge-
496 1632 3422 1762 plagt. Morgen, so Gott will, bin ich Dir schon um Vieles näher. Ich sitze
485 1750 3227 1891 oft eine halbe Stunde über Deinen Briefen, um sie zu entziffern, aber
490 1887 3253 2021 auch das ist hübsch, besonders, wenn ich dann was Liebes herausbring.
490 2025 3227 2151 Es wäre schon nett, sich in Bern zu treffen, denn ich kenne die Stadt
489 2163 3360 2322 kann, und dort ist glaube ich das gute Hotel, wo Du Dich so wohl fühlst.
478 2288 3298 2412 Aber dann nach einem Tag möcht ich lieber gleich an einen Ort, wo wir
521 2380 3295 2538 bleiben können und wo es Wälder und Wiesen zun Herumliegen gibt, denn
481 2544 2609 2671 das ist das Schönste für uns und die beste Erholung.
919 2672 3289 2805 Ich habe nach diesen Zeilen noch einzwischen geschlafen und
470 2797 3215 2937 eben mit dem Prühstück ½ 8 Deinen Expressbrief erhalten, für den ich
470 2957 3396 3063 Dich innig küsse. Auch hier trüb und Regen. So ein Sommer war noch nicht
480 3061 3320 3199 da. Ich will am Nachmittag, wenn Frau Klimbacher nichts dagegen hat, auf
518 3193 3407 3333 einen Sprung zu Dir hinaus. Ich habe es mir absichtlich auf den letzten
519 3310 3372 3453 Augenblick gelassen, damit man schon ein bisl was von den Veränderungen
489 3445 3411 3556 sieht. Sollte ich aber merken, dass ich Frau K. ungelegen komme (ich te-
524 3574 3374 3695 lefoniere früher), dann unterlasse ich's. Unangesagt säne nach Spionage
461 3658 660 3745 aus,
454 3703 3318 3827 xxx und das mag ich nicht. Frieda, die morgen abreist, kommt auch heute
458 3846 3355 3997 noch zu mir. Mein Roman ruht seit zwei Tagen. Ich hoffe, ich krieg jetzt
469 3957 3312 4149 den Deinigen zu xxx lesen. Und nun, mein Liebes, sag ich Dir für Wien Le-
479 4118 3315 4278 bewohl. Ich glaube, so haben wir uns noch nie auf einander gefreut. Ich
524 4240 3212 4401 schreibe das mit Thränen in den Augen und es sind keine traurigen
469 4357 2354 4550 Thränen. Ich umarme Dich, mein Liebes,Deine C.K.
3442 79 3521 249 33
