<?xml version="1.0" encoding="UTF-8" standalone="yes"?>
<PcGts xmlns="http://schema.primaresearch.org/PAGE/gts/pagecontent/2013-07-15" xmlns:xsi="http://www.w3.org/2001/XMLSchema-instance" xsi:schemaLocation="http://schema.primaresearch.org/PAGE/gts/pagecontent/2013-07-15 http://schema.primaresearch.org/PAGE/gts/pagecontent/2013-07-15/pagecontent.xsd">
    <Metadata>
        <Creator>prov=READ-COOP:name=TrHtr:version=0.0.6:model_id=44522:date=25_11_2022_11:51</Creator>
        <Created>2022-11-17T16:35:13.881+01:00</Created>
        <LastChange>2022-11-25T11:51:43.138Z</LastChange>
        <TranskribusMetadata docId="1233893" pageId="50263146" pageNr="405" tsid="105032307" status="IN_PROGRESS" userId="40391" imgUrl="https://files.transkribus.eu/Get?id=MKVDJSAUBAMVMJJTMYJHEVFI&amp;fileType=view" xmlUrl="https://files.transkribus.eu/Get?id=NMDMTBQIVJXFBNUYEPDZFUKM" imageId="41050250"/>
    </Metadata>
    <Page imageFilename="HIN-155550_0405.tif" imageWidth="3690" imageHeight="4707">
        <ReadingOrder>
            <OrderedGroup id="ro_1669820951406" caption="Regions reading order">
                <RegionRefIndexed index="0" regionRef="r1"/>
            </OrderedGroup>
        </ReadingOrder>
        <TextRegion id="r1" custom="readingOrder {index:0;}">
            <Coords points="572,115 572,2569 3540,2569 3540,115"/>
            <TextLine id="r1l1" custom="readingOrder {index:0;}">
                <Coords points="3001,480 3023,480 3033,469 3037,473 3044,469 3055,477 3076,477 3076,388 3051,388 3033,402 3001,402"/>
                <Baseline points="3021,456 3060,456"/>
                <TextEquiv>
                    <Unicode>2</Unicode>
                </TextEquiv>
            </TextLine>
            <TextLine id="r1l2" custom="readingOrder {index:1;}">
                <Coords points="2620,609 2745,618 2770,598 2823,613 2855,596 2908,625 3019,602 3101,608 3103,508 2903,525 2878,550 2832,510 2793,516 2747,490 2690,504 2623,481"/>
                <Baseline points="2640,579 2666,582 2692,583 2718,585 2744,585 2770,586 2796,587 2822,588 2848,588 2874,588 2900,588 2926,588 2952,588 2978,588 3004,590 3030,590 3056,590 3083,591"/>
                <TextEquiv>
                    <Unicode>29.12.1926.</Unicode>
                </TextEquiv>
            </TextLine>
            <TextLine id="line_1668768094075_2546" custom="readingOrder {index:2;}">
                <Coords points="582,700 3331,729 585,575"/>
                <Baseline points="600,668 629,660 658,664 688,673 717,677 747,672 1946,701 2014,702 2082,704 2150,705 2219,707 2287,708 2355,710 2424,711 2492,713 2560,714 2629,715 2697,716 2765,717 2833,719 2902,720 2970,722 3038,723 3107,725 3175,726 3243,727 3312,729"/>
                <TextEquiv>
                    <Unicode>Arthur Kl. war vor wenigen Tagen in Berlin und erzählte mir, dass er</Unicode>
                </TextEquiv>
            </TextLine>
            <TextLine id="line_1668768099379_2552" custom="readingOrder {index:3;}">
                <Coords points="579,831 3455,914 3457,800 3213,769 581,739"/>
                <Baseline points="596,794 621,796 646,798 672,802 697,803 722,805 748,806 773,807 798,807 824,807 849,807 875,807 1695,824 1719,824 1844,833 1923,833 2003,833 2083,834 2163,836 2243,837 2322,839 2402,841 2482,843 2562,845 2642,847 2721,849 2801,851 2881,852 2961,855 3041,857 3120,858 3200,858 3280,860 3360,860 3440,860"/>
                <TextEquiv>
                    <Unicode>trotz der furchtbaren Stimmung, in der er sich befand, einige Fortsetzun-</Unicode>
                </TextEquiv>
            </TextLine>
            <TextLine id="line_1668768103939_2557" custom="readingOrder {index:4;}">
                <Coords points="580,957 2937,1039 3204,1035 3303,931 582,883"/>
                <Baseline points="599,935 625,935 651,935 677,935 704,936 730,936 756,936 783,936 809,936 835,934 862,932 888,928 914,924 941,917 1511,954 1599,954 1688,956 1776,957 1865,959 1954,960 2042,962 2131,965 2220,966 2308,969 2397,971 2486,972 2574,975 2663,977 2752,980 2840,981 2929,983 3018,986 3106,987 3195,989 3284,990"/>
                <TextEquiv>
                    <Unicode>gen vom "Spiel im Morgengrauen" las und dass es ein Meisterwerk ist</Unicode>
                </TextEquiv>
            </TextLine>
            <TextLine id="r1l10" custom="readingOrder {index:5;}">
                <Coords points="625,1100 3380,1172 3383,1034 627,1007"/>
                <Baseline points="644,1061 780,1064 916,1067 1052,1071 1188,1074 1324,1078 1460,1081 1596,1083 1732,1088 1868,1091 2004,1094 2140,1097 2276,1100 2412,1103 2548,1107 2684,1110 2820,1113 2956,1116 3092,1119 3228,1122 3365,1125"/>
                <TextEquiv>
                    <Unicode>und er sehr ungeduldig es im Ganzen zu lesen. Warum schiebt S.F. die</Unicode>
                </TextEquiv>
            </TextLine>
            <TextLine id="r1l11" custom="readingOrder {index:6;}">
                <Coords points="573,1208 3410,1284 3412,1188 3253,1160 575,1120"/>
                <Baseline points="590,1190 730,1193 870,1196 1010,1199 1150,1202 1290,1206 1430,1209 1570,1212 1710,1216 1850,1220 1991,1223 2131,1226 2271,1230 2411,1233 2551,1236 2691,1239 2831,1242 2971,1245 3111,1247 3251,1250 3392,1251"/>
                <TextEquiv>
                    <Unicode>Buchausgabe so hinaus? Vergiss bitte nicht mit Wiegler in meiner Ange-</Unicode>
                </TextEquiv>
            </TextLine>
            <TextLine id="r1l12" custom="readingOrder {index:7;}">
                <Coords points="564,1354 3384,1391 3336,1312 566,1243"/>
                <Baseline points="581,1323 720,1325 859,1328 998,1331 1137,1334 1277,1338 1416,1341 1555,1344 1694,1347 1833,1352 1973,1355 2112,1358 2251,1361 2390,1364 2529,1367 2669,1370 2808,1373 2947,1376 3086,1377 3225,1379 3365,1380"/>
                <TextEquiv>
                    <Unicode>legenheit zu sprechen. Vielleicht auch mit Viki Baum, wenn Du sie per-</Unicode>
                </TextEquiv>
            </TextLine>
            <TextLine id="r1l13" custom="readingOrder {index:8;}">
                <Coords points="560,1454 3232,1578 3331,1448 561,1411"/>
                <Baseline points="579,1451 715,1454 852,1458 988,1461 1125,1465 1262,1469 1398,1472 1535,1476 1671,1479 1808,1482 1945,1485 2081,1489 2218,1493 2354,1496 2491,1499 2628,1502 2764,1505 2901,1506 3037,1509 3174,1512 3311,1514"/>
                <TextEquiv>
                    <Unicode>sönlich kennst und es sich leicht machen lässt. Aber Du wirst besser</Unicode>
                </TextEquiv>
            </TextLine>
            <TextLine id="r1l14" custom="readingOrder {index:9;}">
                <Coords points="604,1590 3324,1662 3326,1569 3013,1548 606,1533"/>
                <Baseline points="623,1583 757,1586 891,1590 1025,1593 1160,1596 1294,1599 1428,1603 1562,1607 1697,1610 1831,1613 1965,1616 2099,1619 2234,1623 2368,1626 2502,1628 2636,1631 2771,1634 2905,1636 3039,1638 3173,1640 3308,1641"/>
                <TextEquiv>
                    <Unicode>wissen, ob es einen Sinn hat. So, mein Liebes, jetzt heisst es aufste-</Unicode>
                </TextEquiv>
            </TextLine>
            <TextLine id="r1l15" custom="readingOrder {index:10;}">
                <Coords points="552,1749 3004,1826 3315,1777 3317,1702 554,1650"/>
                <Baseline points="572,1712 708,1716 844,1719 980,1723 1116,1727 1253,1730 1389,1733 1525,1737 1661,1740 1797,1743 1934,1746 2070,1749 2206,1753 2342,1757 2478,1760 2614,1763 2751,1766 2887,1769 3023,1772 3159,1775 3296,1778"/>
                <TextEquiv>
                    <Unicode>hen. Ich erfriere bei dem Gedanken und umarme Dich rasch, um mich zu</Unicode>
                </TextEquiv>
            </TextLine>
            <TextLine id="r1l16" custom="readingOrder {index:11;}">
                <Coords points="565,1878 679,1856 722,1868 758,1858 796,1877 864,1864 924,1894 956,1884 958,1817 908,1819 870,1790 816,1803 784,1784 738,1794 692,1778 620,1798 567,1782"/>
                <Baseline points="584,1842 609,1843 634,1844 659,1845 685,1847 710,1847 735,1848 761,1848 786,1849 811,1850 836,1850 862,1850 887,1850 912,1851 938,1851"/>
                <TextEquiv>
                    <Unicode>erwärmen.</Unicode>
                </TextEquiv>
            </TextLine>
            <TextLine id="r1l17" custom="readingOrder {index:12;}">
                <Coords points="909,1992 3252,2045 3254,1963 3091,1948 911,1928"/>
                <Baseline points="929,1985 1044,1986 1159,1989 1274,1991 1389,1994 1505,1995 1620,1998 1735,2001 1850,2004 1965,2007 2081,2010 2196,2013 2311,2016 2426,2019 2541,2021 2657,2025 2772,2027 2887,2030 3002,2033 3117,2034 3233,2037"/>
                <TextEquiv>
                    <Unicode>Anbei ein Kalenderblatt für Deine Brieftasche. Es ist das</Unicode>
                </TextEquiv>
            </TextLine>
            <TextLine id="r1l18" custom="readingOrder {index:13;}">
                <Coords points="598,2127 3121,2225 3270,2104 600,2042"/>
                <Baseline points="617,2108 748,2111 880,2113 1012,2116 1143,2120 1275,2123 1407,2126 1538,2129 1670,2132 1802,2135 1934,2138 2065,2142 2197,2145 2329,2148 2460,2151 2592,2154 2724,2157 2855,2160 2987,2163 3119,2165 3251,2168"/>
                <TextEquiv>
                    <Unicode>nicht als Geschenk aufzufassen, aber es ist praktischer als ein Ta-</Unicode>
                </TextEquiv>
            </TextLine>
            <TextLine id="r1l19" custom="readingOrder {index:14;}">
                <Coords points="551,2298 3267,2372 3270,2265 3107,2215 555,2162"/>
                <Baseline points="572,2238 713,2241 854,2244 995,2247 1136,2250 1277,2254 1418,2258 1559,2261 1700,2264 1841,2268 1982,2271 2123,2276 2264,2279 2405,2282 2546,2286 2687,2289 2828,2293 2969,2297 3110,2300 3251,2303"/>
                <TextEquiv>
                    <Unicode>schenkalender und ich wünsche jeden Tag darauf alles Gute für Dich.</Unicode>
                </TextEquiv>
            </TextLine>
            <TextLine id="r1l20" custom="readingOrder {index:15;}">
                <Coords points="1294,2453 1434,2397 1749,2455 1814,2414 1889,2416 1941,2449 1991,2436 1994,2333 1933,2353 1785,2324 1734,2348 1581,2347 1297,2318"/>
                <Baseline points="1313,2387 1346,2387 1379,2388 1412,2388 1445,2390 1478,2390 1511,2391 1544,2392 1577,2393 1610,2394 1643,2396 1676,2397 1709,2397 1742,2399 1775,2399 1808,2400 1841,2400 1874,2401 1907,2402 1940,2402 1973,2402"/>
                <TextEquiv>
                    <Unicode>Herzlichst Deine</Unicode>
                </TextEquiv>
            </TextLine>
            <TextLine id="r1l21" custom="readingOrder {index:16;}">
                <Coords points="1975,2568 1996,2572 2057,2545 2117,2578 2160,2562 2181,2566 2185,2416 2146,2415 2102,2439 2060,2410 2043,2409 2003,2437 1978,2433"/>
                <Baseline points="1994,2532 2022,2532 2051,2534 2079,2535 2108,2537 2136,2537 2165,2532"/>
                <TextEquiv>
                    <Unicode>C.K.</Unicode>
                </TextEquiv>
            </TextLine>
            <TextLine id="r1l22" custom="readingOrder {index:17;}">
                <Coords points="3405,236 3440,242 3451,235 3483,235 3519,263 3540,249 3558,249 3557,124 3500,125 3472,96 3443,100 3422,118 3404,118"/>
                <Baseline points="3423,216 3452,216 3481,216 3510,215 3540,216"/>
                <TextEquiv>
                    <Unicode> Schrifs</Unicode>
                </TextEquiv>
            </TextLine>
            <TextEquiv>
                <Unicode>
















</Unicode>
            </TextEquiv>
        </TextRegion>
    </Page>
</PcGts>
