3742 4662
2403 197 3058 354 10.1.1925.Bl.2.
631 368 3486 559 glaube, dass sie zu dem Kinakter "Redoute" passen? Ich antwortete ihm,
601 531 1663 681 dass sich wohl der eine od
1788 528 3362 673 andere vergrössern liesse, dass man aber
605 692 3284 796 überhaupt erst entschlossen sein müsse "Redoute" aufzuführen, dann
639 805 3443 957 werde sich schon das Uebrige finden. Ich sagte ihm auch, dass ich eben
602 928 3439 1057 eine Novelle beendet habe, die sich leicht in einen Einakter umwandeln
597 1050 3321 1200 liesse, da es ein Zwiegespräch sei und nach einer dramatischen Szene
600 1205 3488 1310 vielleicht ganz wirksam sein könnte. Er sagte darauf, er habe auch meine
626 1315 3511 1439 Novelle in der Neuen Freien Presse gelesen und finde sie ausgezeichnet.
627 1464 3405 1560 Die Neue Freie Presse hat mir leider am Tag, an dem ich den Brief ab-
603 1593 3386 1736 schickte (also bevor er dort eintraf) 4,100.000 Kronen geschickt. Die
627 1717 3449 1852 100.000 Kronen wohl für das Gedicht, was ich eine Frechheit finde. Sie
585 1860 3319 1975 hätten besser getan es zu ignorieren als so zu bezahlen.- Ich sende
628 1978 3472 2135 Dir mit der gleichen Post einen Artikel von Sternberg, den ich sehr gut
598 2101 3435 2253 finde. Bitte hebe ihn auf, denn ich habe die "Moderne Welt" nur deshalb
581 2268 3507 2402 gekauft. Auch ein Feuilleton lege ich beimdas Dich vielleichtinteressie-
578 2344 2303 2505 ren wird. Ich finde es teilweise sehr gut.
567 2529 3423 2643 Nachmittag. Ich war nach Tisch bei meinem Arzt, der mir eine öwöchentli-
573 2624 3509 2813 che Arsenikkur verschrieben hat, dann habe ich geschlafen und jetzt erwar-
615 2744 1461 2918 te ich die Frieda P.
584 2906 3271 2995 Ich hoffe wir werden mit den Korrekturen heute fertig und kann das
584 3018 3550 3170 Manuscript morgen Früh an Dich absenden. Zwischen 17. und 19. habe ich mich
588 3150 3422 3304 bei Zsolnay anmelden lassen und hätte gerne vorher eine Rückäusserung
579 3273 2165 3403 von Dir. Gib sie eventuell express auf.
567 3365 3312 3573 19 Uhr Abend. Eben erst hat mich die Frieda P. verlassen. Wirwaren
548 3525 3253 3699 ehr fleissig und ich habe wieder 7 Seiten frisch diktiert. Leider
576 3690 3376 3795 sagte sie mir, dass man Sonntag Früh keinen Brief rekommandieren kann,
575 3811 3464 3964 also geht die Sendung erst Montag ab.- In die Gusshausstrasse zu Hermine
571 3919 3415 4091 gehe ich heute nicht mehr, denn Paula hat plötzlich Fieber (wahrschein-
556 4058 3488 4192 lich Grippe). Ich bin so müde, dass es mir ganz recht ist zuhause bleiben
555 4210 3403 4338 zu können, nur habe ich leider nichts zum Essen als zwei Salzstangerln
3484 60 3638 186 101
