3743 4714
1865 343 3038 507 Freitag Abend 27.7.1928. Wien
666 494 3416 619 Mein Liebstes, was würde ich darum geben, wenn das Entsetzliche nicht
678 620 3368 774 wahr wäre, was würde ich darum geben, wenn ich in dieser furchtbaren
727 747 3258 901 Nacht wenigs ans bei Dir sein könnte. Deinen Kopf in meine Arme
693 906 3369 1033 nehmen und Dich streicheln dürfte. Wie unsinnig ist es, dass ich in
718 1016 3440 1156 diesen schwersten Stunden Deines Lebens nicht bei Dir sein kann. Ich
673 1155 3475 1268 weiss, mein Liebstes, dass auch ich Dir nicht helfen kann das Schreck-
682 1260 3407 1408 liche zu tragen und meine ganze grosse Liebe nicht. Aber ich könnte
689 1386 3448 1554 mich doch wenigstens um Dich kümmern,um Dich sorgen, einfach für Dich
687 1576 3370 1685 da sein. Ich bin gerade von der Frieda nachhause gekommen, als sie
686 1671 3491 1793 mich anrief, um mir Dein Telegramm mitzuteilen. Sobald ich dazu fähig
697 1837 3443 1936 war bin ich aufs Telegrammamt gelaufen. Nun sitz ichu hier allein und
689 1904 3303 2060 alle meine Gedanken sind bei Dir und ich weine mit Dir um dieses
689 2074 1129 2202 arme Kind.
700 2177 3442 2334 Wenn Du mich brauchen kannst, wenn ich Dir nur ein klein wenig nützen
689 2314 3448 2453 könnte, dann lass mich zu Dir kommen. Ich habe schon heute Nachmittag,
733 2454 3267 2576 ehe zu Frieda fuhr, meinen Paas zu Enit gegeben und bekomme ihn
700 2582 3303 2731 morgen um 3 Uhr. Aber ich tue nichts ohne Deinen Willen, wenn mich
742 2714 1761 2853 auch alles zu Dir treibt.
695 2837 3368 2985 Glaub mir, es ist furchtbar bitter so dasitzen zu müssen, ohnmächtig
689 2999 3261 3118 gegen das Schicksal, das den teuersten und geliebtesten Menschen
732 3115 3325 3261 trifft und nichts, gar nicht für ihn tun können. Alles was ich da
687 3247 3373 3365 hin schreibe erscheint mir läppisch und nichtssagend gegen das, was
704 3352 3435 3490 ich fühle und Dir geben möchte. Ich bitte Dich Liebstes, bleib gesund
694 3510 3374 3636 für eine Arbeit und auch ein klein wenig für mich. Ich küsse tau-
725 3642 2572 3770 sendmal Deine Augen,Deine Stirne, Deine Hände.
1752 3744 2248 3886 Deine Cl.K.
3525 87 3643 222 135
