3754 4703
2081 214 3011 411 28.4. 1927. Bl.2.
651 442 3363 605 Verbindung mit der Seidler, aber auch die hat kaum etwas zu sagen.-
618 586 3402 774 Ja mit Stücken ist es eine verdammt schwere Sache - auch andere wis-
656 741 1584 887 sen davon zu erzählen.
638 853 3350 995 Und nun, mein Liebes, auf ein gutes und schönes Wiedersehen und eine
652 1005 1772 1127 zärtliche Umarmung. Dein A.
1856 1084 2077 1249 - - -
3555 94 3671 216 20
