3771 4654
662 216 1284 416 Tgb. 7.5.1931.
704 356 3382 566 Corm. Bewuch von Frau Dr. Reik. Mittag Fredi, dessen 6 Bilder im Ha-
710 566 3477 759 genbund angenommen sind. Söhönes Wetter. A. nur belangloses Telefon-
678 695 2036 867 gempräch, mein Befinden miserabel.
666 856 3288 982 8.5. Es ist kein Zweifel, ich habe wieder den Dickdarmkatarrh vom
668 949 3437 1097 letzten Sommer und unentwegt Schmerzen in der Gallengegend. Aber ich
643 1111 3434 1243 bin schon so herunter, dass ich nicht mehr viel aushalten werde. Mein
662 1239 3431 1386 Gewicht nur mehr 54.35 in stärkerer Kleidung als im Vorjahr. Traf A.
662 1371 3404 1502 in der Stadt, der behauptete auf den Graben gekommen zu sein, um mich
659 1492 3499 1638 zu treffen. Nachher traf ich wie verabredet Frieda, um ihr bei der Wahl
664 1594 3472 1754 einer Blouse behilflich zu sein. Habe ich übrigens gestern Nachmittag
668 1787 3473 1913 nach langer Zeit Biographie diktiert. Kein Wort über A. Ich bin übere-
669 1874 3452 2073 zeugt, dass sie durch A. völlig über alles orientiert ist und Schweig-
711 1983 1136 2140 gebot hat.
664 2084 3378 2295 9.5. Gestern Abend Kino "Kaiin" und dann nach langer Zeit Linke ge-
665 2286 3263 2418 nacutmahlt. Stille und Müdigkeit. Nachher auf seinen Wunsch noch
653 2401 3301 2551 im Pathephon Musik zugehört. Ich hatte Schmerzen und war froh, als
664 2523 3342 2671 ich zuhause war. Heute Vormittag Stadt, Marfeld, Leitner, Egon Pollak
669 2690 3453 2802 (Bodenkredit) und Paula Beer-Hofmann getroffen. Paula mir viel Liebes
662 2798 3425 2955 über meine Novelle "Mütter" gesagt. Es wird wohl das Letzte sein, was
663 2940 3390 3060 ich geschrieben habe, ich kann mir nicht vorstellen, dass ich je wie-
657 3036 1785 3204 der richtig arbeiten werde.
653 3150 3426 3320 Mittag Harry. Heute weniger unausstehlich. Nachmittag bei Haganbund-
650 3321 3469 3411 eröffnung. Fredi 6 Bilder, unter denen mir der "Mann mit der Pelzmütze"
659 3443 3412 3587 und der "Kellner" am liebsten sind. Um 7 Uhr rief A. an, ob ich nicht
660 3596 3374 3728 mit ihm ins Kino will. Ich war zwar eher müde, wollte aber nicht Nein
664 3683 3458 3817 sagen. Kur Kriegsfilm mit Butter Keaton. Teilweise lustig, aber gleich-
659 3820 3489 3978 zeitig blasphemisch. Dann gleich nachhause und zu Bett. Elend geschla-
645 3946 3458 4142 fen, ab 5 Uhr Früh Schmerzen. Wetter gestern regnerisch, heute windig,
647 4090 2006 4269 kühl, unsicher, welch ein Frühjahr!
3537 125 3673 276 17
