<?xml version="1.0" encoding="UTF-8" standalone="yes"?>
<PcGts xmlns="http://schema.primaresearch.org/PAGE/gts/pagecontent/2013-07-15" xmlns:xsi="http://www.w3.org/2001/XMLSchema-instance" xsi:schemaLocation="http://schema.primaresearch.org/PAGE/gts/pagecontent/2013-07-15 http://schema.primaresearch.org/PAGE/gts/pagecontent/2013-07-15/pagecontent.xsd">
    <Metadata>
        <Creator>prov=READ-COOP:name=TrHtr:version=0.0.6:model_id=44522:date=25_11_2022_11:53</Creator>
        <Created>2022-11-17T16:36:30.204+01:00</Created>
        <LastChange>2022-11-29T19:18:23.686+01:00</LastChange>
        <TranskribusMetadata docId="1233893" pageId="50264650" pageNr="809" tsid="105348634" status="IN_PROGRESS" userId="40391" imgUrl="https://files.transkribus.eu/Get?id=ABEZTUUOTBIGSMLWNBDMZXCL&amp;fileType=view" xmlUrl="https://files.transkribus.eu/Get?id=DOTVVWPTTTIDOTERUBONBPYW" imageId="41051061"/>
    </Metadata>
    <Page imageFilename="HIN-155550_0809.tif" imageWidth="3786" imageHeight="4638">
        <ReadingOrder>
            <OrderedGroup id="ro_1670241787828" caption="Regions reading order">
                <RegionRefIndexed index="0" regionRef="r1"/>
            </OrderedGroup>
        </ReadingOrder>
        <TextRegion id="r1" custom="readingOrder {index:0;}">
            <Coords points="629,344 629,4182 3479,4182 3479,344"/>
            <TextLine id="r1l1" custom="readingOrder {index:0;}">
                <Coords points="2677,463 3010,434 3085,466 3191,416 3365,452 3411,437 3411,309 3344,327 3276,303 3212,342 3106,321 3024,349 2676,343"/>
                <Baseline points="2693,405 2728,407 2763,408 2798,408 2833,408 2868,410 2903,410 2938,410 2973,408 3008,408 3044,408 3079,408 3114,407 3149,407 3184,407 3219,407 3254,407 3289,407 3324,407 3359,407 3395,408"/>
                <TextEquiv>
                    <Unicode>23.7.1930. Bl.4.</Unicode>
                </TextEquiv>
            </TextLine>
            <TextLine id="r1l2" custom="readingOrder {index:1;}">
                <Coords points="635,465 656,469 688,448 727,469 805,416 912,434 940,409 976,402 976,338 876,327 816,288 788,316 770,302 674,345 635,345"/>
                <Baseline points="654,405 679,408 704,408 730,410 755,410 781,410 806,410 831,408 857,408 882,408 908,408 933,408 959,410"/>
                <TextEquiv>
                    <Unicode>An A.S.</Unicode>
                </TextEquiv>
            </TextLine>
            <TextLine id="r1l4" custom="readingOrder {index:2;}">
                <Coords points="617,611 3296,623 3296,520 617,529"/>
                <Baseline points="636,603 768,603 900,603 1032,603 1164,603 1296,605 1428,605 1561,605 1693,605 1825,605 1957,605 2089,606 2221,606 2353,606 2486,606 2618,605 2750,605 2882,605 3014,605 3146,604 3279,603"/>
                <TextEquiv>
                    <Unicode>worten; - es hat im Mittelalter glaube ich eine Todesstrafe gegeben, oder war</Unicode>
                </TextEquiv>
            </TextLine>
            <TextLine id="r1l5" custom="readingOrder {index:3;} textStyle {offset:12; length:6;underlined:true; fontSize:0.0; kerning:0;}">
                <Coords points="638,746 3161,777 3339,742 3339,621 638,682"/>
                <Baseline points="654,732 787,734 920,735 1053,735 1187,735 1320,737 1453,737 1587,737 1720,737 1853,737 1987,737 2120,737 2253,737 2386,737 2520,737 2653,737 2786,737 2920,737 3053,737 3186,737 3320,737"/>
                <TextEquiv>
                    <Unicode>es nur eine Folter – da legte man einen Menschen auf eine Bank, es</Unicode>
                </TextEquiv>
            </TextLine>
            <TextLine id="r1l6" custom="readingOrder {index:4;}">
                <Coords points="646,891 3392,917 3442,800 646,816"/>
                <Baseline points="662,867 800,867 938,867 1076,867 1214,867 1352,867 1490,867 1629,867 1767,867 1905,867 2043,867 2181,867 2319,867 2457,867 2596,867 2734,867 2872,867 3010,867 3148,867 3286,869 3425,869"/>
                <TextEquiv>
                    <Unicode>war sogar, wie ich mich erinnere, ein bequemes Ruhebett, und liess einen</Unicode>
                </TextEquiv>
            </TextLine>
            <TextLine id="r1l7" custom="readingOrder {index:5;}">
                <Coords points="643,1015 3450,1017 3450,889 2857,957 643,887"/>
                <Baseline points="659,998 797,998 936,998 1074,998 1213,998 1352,998 1490,998 1629,998 1767,999 1906,999 2045,999 2183,999 2322,999 2460,999 2599,999 2738,999 2876,998 3015,998 3153,996 3292,996 3431,995"/>
                <TextEquiv>
                    <Unicode>Tropfen, einen kleinen harmlosen Wassertropfen auf seine Stirn nieder¬</Unicode>
                </TextEquiv>
            </TextLine>
            <TextLine id="r1l8" custom="readingOrder {index:6;}">
                <Coords points="634,1151 3448,1140 3448,1062 2891,1036 634,1058"/>
                <Baseline points="653,1128 791,1128 930,1128 1069,1128 1208,1128 1347,1128 1486,1128 1625,1128 1764,1128 1903,1128 2042,1128 2180,1130 2319,1130 2458,1130 2597,1130 2736,1130 2875,1130 3014,1130 3153,1130 3292,1131 3431,1131"/>
                <TextEquiv>
                    <Unicode>fallen, immer an dieselbe Stelle. Er kam immer wieder, in kleinen Pausen</Unicode>
                </TextEquiv>
            </TextLine>
            <TextLine id="r1l9" custom="readingOrder {index:7;}">
                <Coords points="678,1262 3297,1273 3297,1191 3155,1169 678,1191"/>
                <Baseline points="696,1256 825,1256 954,1257 1083,1257 1212,1259 1341,1259 1470,1259 1599,1260 1728,1260 1857,1260 1987,1260 2116,1262 2245,1262 2374,1262 2503,1262 2632,1262 2761,1262 2890,1263 3019,1263 3148,1263 3278,1263"/>
                <TextEquiv>
                    <Unicode>immer wieder – bis der Mensch daran zugrunde ging. Tropfen, viele</Unicode>
                </TextEquiv>
            </TextLine>
            <TextLine id="r1l10" custom="readingOrder {index:8;}">
                <Coords points="643,1396 3450,1413 3450,1335 3148,1299 643,1286"/>
                <Baseline points="659,1388 797,1388 936,1388 1074,1389 1213,1389 1352,1391 1490,1391 1629,1391 1767,1392 1906,1392 2045,1394 2183,1394 2322,1394 2460,1394 2599,1394 2738,1394 2876,1394 3015,1394 3153,1394 3292,1392 3431,1392"/>
                <TextEquiv>
                    <Unicode>Tropfen sind mir ins Herz gefallen, das ganz erfüllt war von der rein¬</Unicode>
                </TextEquiv>
            </TextLine>
            <TextLine id="r1l11" custom="readingOrder {index:9;}">
                <Coords points="644,1564 3444,1538 3331,1456 645,1397"/>
                <Baseline points="663,1520 801,1520 939,1520 1077,1520 1216,1520 1354,1521 1492,1521 1630,1523 1769,1523 1907,1524 2045,1524 2183,1526 2322,1526 2460,1527 2598,1527 2736,1527 2875,1527 3013,1527 3151,1527 3289,1527 3428,1526"/>
                <TextEquiv>
                    <Unicode>sten, besten Liebe zu Dir. Tropfen – aber es waren sehr, sehr viele und</Unicode>
                </TextEquiv>
            </TextLine>
            <TextLine id="r1l12" custom="readingOrder {index:10;}">
                <Coords points="687,1682 943,1655 1045,1712 1109,1684 1379,1703 1446,1665 1595,1662 1596,1609 1376,1608 1227,1529 996,1606 847,1548 688,1547"/>
                <Baseline points="705,1649 748,1649 792,1650 835,1652 879,1652 923,1652 966,1652 1010,1652 1053,1652 1097,1652 1141,1652 1184,1652 1228,1652 1271,1652 1315,1653 1359,1653 1402,1653 1446,1653 1489,1655 1533,1655 1577,1656"/>
                <TextEquiv>
                    <Unicode>es hat sehr weh getan.</Unicode>
                </TextEquiv>
            </TextLine>
            <TextLine id="line_1668776480238_6601" custom="readingOrder {index:11;}">
                <Coords points="628,1848 3414,1819 3415,1656 1995,1743 629,1677"/>
                <Baseline points="647,1778 735,1779 823,1781 911,1781 999,1782 1088,1782 1176,1784 1264,1784 1352,1784 1440,1784 1529,1784 1617,1784 1705,1784 1793,1785 1881,1785 1970,1785 2058,1785 2146,1787 2234,1787 2322,1788 2411,1788 2610,1787 2649,1787 2688,1787 2727,1787 2767,1788 2806,1788 2845,1788 2885,1788 2924,1788 2963,1788 3003,1789 3042,1790 3081,1790 3120,1790 3160,1790 3199,1790 3238,1790 3278,1791 3317,1791 3356,1791 3396,1791"/>
                <TextEquiv>
                    <Unicode>Und glaubst Du, ich habe die kühle Sachlichkeit Deiner zwei Briefe (in</Unicode>
                </TextEquiv>
            </TextLine>
            <TextLine id="r1l15" custom="readingOrder {index:12;}">
                <Coords points="633,1912 3479,1993 3405,1836 634,1845"/>
                <Baseline points="650,1908 790,1910 931,1911 1071,1913 1212,1914 1352,1914 1493,1916 1633,1917 1774,1917 1914,1919 2055,1919 2196,1919 2336,1920 2477,1920 2617,1920 2758,1920 2898,1922 3039,1922 3179,1922 3320,1922 3461,1922"/>
                <TextEquiv>
                    <Unicode>drei Wochen) nicht gespürt? Nicht die programmmässigen Fragen am Tele¬</Unicode>
                </TextEquiv>
            </TextLine>
            <TextLine id="r1l16" custom="readingOrder {index:13;}">
                <Coords points="637,2082 3362,2105 3384,2002 637,1997"/>
                <Baseline points="656,2042 791,2042 926,2043 1062,2043 1197,2045 1333,2045 1468,2046 1604,2046 1739,2046 1875,2048 2010,2048 2145,2048 2281,2049 2416,2049 2552,2049 2687,2051 2823,2051 2958,2052 3094,2052 3229,2054 3365,2055"/>
                <TextEquiv>
                    <Unicode>fon, an dem ich auf ein gutes Wort wartend stand und durch die Kürze</Unicode>
                </TextEquiv>
            </TextLine>
            <TextLine id="r1l17" custom="readingOrder {index:14;}">
                <Coords points="638,2246 3392,2224 3393,2132 639,2097"/>
                <Baseline points="657,2171 792,2171 928,2172 1064,2174 1200,2174 1336,2175 1472,2175 1608,2177 1744,2177 1880,2178 2016,2180 2151,2180 2287,2180 2423,2181 2559,2181 2695,2183 2831,2183 2967,2183 3103,2183 3239,2183 3375,2183"/>
                <TextEquiv>
                    <Unicode>der Zeit, die einem interurbanen Gespräch zugemessen ist, irritiert. –</Unicode>
                </TextEquiv>
            </TextLine>
            <TextLine id="r1l18" custom="readingOrder {index:15;}">
                <Coords points="628,2318 3285,2391 3286,2235 628,2247"/>
                <Baseline points="644,2298 775,2300 906,2301 1037,2303 1168,2304 1299,2306 1430,2306 1562,2307 1693,2307 1824,2309 1955,2309 2086,2310 2217,2310 2348,2310 2480,2312 2611,2312 2742,2313 2873,2313 3004,2315 3135,2316 3267,2318"/>
                <TextEquiv>
                    <Unicode>Am Bahnhof noch sagtest Du: ¬Ich gehe auf circa 14 Tage mit Heini</Unicode>
                </TextEquiv>
            </TextLine>
            <TextLine id="r1l19" custom="readingOrder {index:16;}">
                <Coords points="641,2470 3367,2458 2590,2348 642,2359"/>
                <Baseline points="659,2432 793,2433 927,2435 1062,2435 1196,2436 1331,2438 1465,2438 1600,2439 1734,2439 1869,2441 2003,2441 2137,2441 2272,2442 2406,2442 2541,2442 2675,2444 2810,2444 2944,2444 3079,2445 3213,2445 3348,2447"/>
                <TextEquiv>
                    <Unicode>in die Schweiz, um den Ersten herum werde ich Dich vielleicht bitten</Unicode>
                </TextEquiv>
            </TextLine>
            <TextLine id="r1l20" custom="readingOrder {index:17;}">
                <Coords points="616,2611 3409,2592 3409,2514 3211,2481 617,2501"/>
                <Baseline points="633,2564 770,2564 908,2564 1046,2564 1184,2564 1322,2565 1460,2565 1597,2565 1735,2567 1873,2567 2011,2568 2149,2568 2287,2570 2425,2571 2562,2571 2700,2573 2838,2573 2976,2573 3114,2574 3252,2574 3390,2574"/>
                <TextEquiv>
                    <Unicode>hinauszukommen oder anderswohin« – und dann – nicht ein Wort mehr da¬</Unicode>
                </TextEquiv>
            </TextLine>
            <TextLine id="r1l21" custom="readingOrder {index:18;}">
                <Coords points="643,2733 3472,2747 3472,2608 644,2634"/>
                <Baseline points="660,2690 799,2691 939,2693 1079,2694 1219,2696 1358,2696 1498,2697 1638,2699 1778,2699 1917,2700 2057,2700 2197,2702 2337,2702 2476,2703 2616,2703 2756,2705 2896,2705 3035,2706 3175,2706 3315,2708 3455,2708"/>
                <TextEquiv>
                    <Unicode>rüber und nur die höchst unverbindliche Frage: »Was tut Du nach Karls¬</Unicode>
                </TextEquiv>
            </TextLine>
            <TextLine id="r1l22" custom="readingOrder {index:19;}">
                <Coords points="631,2850 3434,2907 3414,2747 632,2730"/>
                <Baseline points="650,2820 788,2822 926,2823 1064,2825 1203,2826 1341,2828 1479,2829 1618,2831 1756,2832 1894,2832 2033,2834 2171,2834 2309,2835 2447,2835 2586,2835 2724,2837 2862,2837 3001,2837 3139,2838 3277,2838 3416,2838"/>
                <TextEquiv>
                    <Unicode>bad?« – Sollte ich mich vielleicht in eine andere Einsamkeit begeben? -</Unicode>
                </TextEquiv>
            </TextLine>
            <TextLine id="r1l23" custom="readingOrder {index:20;}">
                <Coords points="640,2985 3099,3016 3234,3010 3235,2921 641,2882"/>
                <Baseline points="657,2954 791,2954 926,2955 1061,2957 1195,2958 1330,2958 1465,2960 1599,2961 1734,2962 1869,2963 2003,2964 2138,2965 2273,2966 2407,2967 2542,2967 2677,2967 2811,2969 2946,2969 3081,2969 3216,2969"/>
                <TextEquiv>
                    <Unicode>Alles in mir drängte zu diesem Brief, den ich Dir in die Schweiz</Unicode>
                </TextEquiv>
            </TextLine>
            <TextLine id="r1l24" custom="readingOrder {index:21;}">
                <Coords points="642,3105 3158,3134 3006,3027 643,2985"/>
                <Baseline points="659,3084 783,3086 907,3087 1031,3088 1155,3089 1279,3090 1403,3092 1527,3092 1651,3092 1775,3093 1900,3093 2024,3095 2148,3095 2272,3095 2396,3096 2520,3096 2644,3098 2768,3098 2892,3099 3016,3099 3141,3101"/>
                <TextEquiv>
                    <Unicode>schrieb, schreiben musste. Ich bat Dich mir bald zu antworten.</Unicode>
                </TextEquiv>
            </TextLine>
            <TextLine id="r1l25" custom="readingOrder {index:22;}">
                <Coords points="628,3224 3350,3263 3272,3159 2534,3118 628,3149"/>
                <Baseline points="644,3212 778,3213 912,3216 1047,3218 1181,3219 1316,3220 1450,3221 1585,3222 1719,3224 1854,3224 1988,3225 2122,3225 2257,3227 2391,3227 2526,3228 2660,3230 2795,3230 2929,3231 3064,3233 3198,3234 3333,3236"/>
                <TextEquiv>
                    <Unicode>Wenn ich Dir am Sonntag nicht telegraphiert hätte (Du weisst nicht,</Unicode>
                </TextEquiv>
            </TextLine>
            <TextLine id="r1l26" custom="readingOrder {index:23;}">
                <Coords points="631,3383 3182,3410 3399,3394 3400,3291 632,3280"/>
                <Baseline points="648,3344 784,3345 921,3347 1058,3348 1195,3350 1331,3351 1468,3351 1605,3353 1742,3354 1878,3356 2015,3356 2152,3357 2289,3359 2425,3359 2562,3360 2699,3362 2836,3362 2972,3363 3109,3363 3246,3363 3383,3365"/>
                <TextEquiv>
                    <Unicode>in welcher Verfassung ich war), dann wäre die erste und einzige Nach¬</Unicode>
                </TextEquiv>
            </TextLine>
            <TextLine id="r1l27" custom="readingOrder {index:24;}">
                <Coords points="633,3522 3089,3547 3451,3522 3452,3398 634,3395"/>
                <Baseline points="650,3476 789,3476 928,3476 1067,3477 1206,3478 1346,3479 1485,3481 1624,3482 1763,3485 1902,3486 2042,3488 2181,3489 2320,3491 2459,3492 2598,3494 2738,3494 2877,3495 3016,3495 3155,3495 3294,3495 3434,3494"/>
                <TextEquiv>
                    <Unicode>richt aus der Schweiz und die erste in sieben langen Tagen die dürfti¬</Unicode>
                </TextEquiv>
            </TextLine>
            <TextLine id="r1l28" custom="readingOrder {index:25;}">
                <Coords points="616,3621 3427,3655 3428,3520 3293,3512 617,3539"/>
                <Baseline points="633,3606 771,3608 910,3608 1049,3609 1188,3609 1327,3611 1466,3611 1605,3612 1744,3614 1883,3615 2022,3616 2160,3617 2299,3618 2438,3620 2577,3621 2716,3621 2855,3623 2994,3623 3133,3624 3272,3624 3411,3624"/>
                <TextEquiv>
                    <Unicode>ge Karte am Montag Nachmittag gewesen. Hattest Du denn wirklich keine</Unicode>
                </TextEquiv>
            </TextLine>
            <TextLine id="r1l31" custom="readingOrder {index:26;}">
                <Coords points="622,3746 3496,3802 3497,3685 3100,3646 2826,3722 623,3632"/>
                <Baseline points="641,3735 782,3737 924,3737 1066,3738 1208,3738 1350,3740 1492,3741 1634,3742 1776,3743 1918,3744 2060,3746 2201,3747 2343,3749 2485,3749 2627,3750 2769,3752 2911,3753 3053,3755 3195,3756 3337,3758 3479,3758"/>
                <TextEquiv>
                    <Unicode>Ahnung, was in diesen Tagen und Stunden, die ich wartete, in mir vorgehen musste?</Unicode>
                </TextEquiv>
            </TextLine>
            <TextLine id="r1l32" custom="readingOrder {index:27;}">
                <Coords points="620,3870 3423,3940 3484,3827 620,3799"/>
                <Baseline points="639,3863 780,3866 921,3867 1063,3869 1204,3870 1346,3872 1487,3873 1628,3875 1770,3876 1911,3876 2053,3878 2194,3879 2335,3879 2477,3881 2618,3882 2760,3884 2901,3884 3042,3885 3184,3887 3325,3888 3467,3891"/>
                <TextEquiv>
                    <Unicode>Was ich in diesen zehn trostlosen Stunden der Heimfahrt empfand, da ich</Unicode>
                </TextEquiv>
            </TextLine>
            <TextLine id="r1l33" custom="readingOrder {index:28;}">
                <Coords points="637,4008 2932,4079 3099,4044 3100,3938 637,3937"/>
                <Baseline points="653,3995 774,3996 896,3998 1017,3999 1139,4000 1260,4001 1382,4002 1503,4004 1625,4004 1746,4005 1868,4005 1989,4007 2111,4008 2232,4008 2354,4010 2475,4010 2597,4011 2718,4011 2840,4013 2961,4013 3083,4014"/>
                <TextEquiv>
                    <Unicode>mich dem telegraphisch angekündigten Brief entgegenfürchtete?</Unicode>
                </TextEquiv>
            </TextLine>
            <TextLine id="r1l34" custom="readingOrder {index:29;}">
                <Coords points="611,4154 3332,4188 3333,4081 612,4015"/>
                <Baseline points="629,4124 763,4127 897,4128 1031,4131 1166,4133 1300,4134 1434,4136 1569,4137 1703,4137 1837,4139 1972,4139 2106,4140 2240,4140 2374,4142 2509,4142 2643,4143 2777,4145 2912,4146 3046,4148 3180,4149 3315,4152"/>
                <TextEquiv>
                    <Unicode>Und dann las ich endlich diesen Brief.– Mein Kind, wenn es wahr ist,</Unicode>
                </TextEquiv>
            </TextLine>
            <TextEquiv>
                <Unicode>23.7.1930. Bl.4.
An A.S.
worten; - es hat im Mittelalter glaube ich eine Todesstrafe gegeben, oder war
es nur eine Folter – da legte man einen Menschen auf eine Bank, es
war sogar, wie ich mich erinnere, ein bequemes Ruhebett, und liess einen
Tropfen, einen kleinen harmlosen Wassertropfen auf seine Stirn nieder¬
fallen, immer an dieselbe Stelle. Er kam immer wieder, in kleinen Pausen
immer wieder – bis der Mensch daran zugrunde ging. Tropfen, viele
Tropfen sind mir ins Herz gefallen, das ganz erfüllt war von der rein¬
sten, besten Liebe zu Dir. Tropfen – aber es waren sehr, sehr viele und
es hat sehr weh getan.
Und glaubst Du, ich habe die kühle Sachlichkeit Deiner zwei Briefe (in
drei Wochen) nicht gespürt? Nicht die programmmässigen Fragen am Tele¬
fon, an dem ich auf ein gutes Wort wartend stand und durch die Kürze
der Zeit, die einem interurbanen Gespräch zugemessen ist, irritiert. –
Am Bahnhof noch sagtest Du: ¬Ich gehe auf circa 14 Tage mit Heini
in die Schweiz, um den Ersten herum werde ich Dich vielleicht bitten
hinauszukommen oder anderswohin« – und dann – nicht ein Wort mehr da¬
rüber und nur die höchst unverbindliche Frage: »Was tut Du nach Karls¬
bad?« – Sollte ich mich vielleicht in eine andere Einsamkeit begeben? -
Alles in mir drängte zu diesem Brief, den ich Dir in die Schweiz
schrieb, schreiben musste. Ich bat Dich mir bald zu antworten.
Wenn ich Dir am Sonntag nicht telegraphiert hätte (Du weisst nicht,
in welcher Verfassung ich war), dann wäre die erste und einzige Nach¬
richt aus der Schweiz und die erste in sieben langen Tagen die dürfti¬
ge Karte am Montag Nachmittag gewesen. Hattest Du denn wirklich keine
Ahnung, was in diesen Tagen und Stunden, die ich wartete, in mir vorgehen musste?
Was ich in diesen zehn trostlosen Stunden der Heimfahrt empfand, da ich
mich dem telegraphisch angekündigten Brief entgegenfürchtete?
Und dann las ich endlich diesen Brief.– Mein Kind, wenn es wahr ist,</Unicode>
            </TextEquiv>
        </TextRegion>
    </Page>
</PcGts>
