2794 3362
2459 103 2617 300 233
2009 276 2323 411 3.5. 29.
524 424 2529 538 den Wörthersee zu gehen". Es ist nicht wegen die-
536 562 2539 653 ser 8 Tage, aber wegen aller jener, die noch kommen
525 710 2559 803 werden und die schon waren, oder richtiger, weil ich
531 819 2397 933 es nicht so hinnehmen kann, wie Du es wünschst.
899 945 2399 1073 Ich möchte Dir Freude, Annehmlichkeit,
521 1093 2372 1171 Ruhe,Zerstreuung geben, und ich - versage. Ich
526 1226 2387 1305 kann einfach nicht mehr. So wie ich jetzt bin,
526 1356 2575 1447 habe ich in unserer Beziehung jede Existenzberech¬
533 1474 1203 1589 tigung verloren.
890 1610 2615 1705 Ich hatte Dich wirklich sehr sehr lieb und
522 1737 2482 1846 habe es ehrlich mit Dir gemeint. Aber nun bin ich
514 1873 2406 1957 todmüde, zerquält, ohne jede Heiterkeit und ohne
522 1999 1114 2124 jede Hoffnung.
886 2134 2505 2229 Gewiss könnte man auch über diese 8 Tage
535 2261 2485 2348 wieder hinwegkommen, ein Wort - eine Zärtlichkeit
1811 2342 1951 2428 das
515 2393 2564 2489 vermögen ja so viel. Aber das ist nicht Täuschung,
522 2534 2442 2674 Selbstbetrug bis zum nächsten Mal? Und wirklich
531 2666 2360 2779 gut und schön wird es doch nicht mehr werden.
883 2785 2475 2916 Ich kann und werde zu diesen Dingen nie
