3759 4658
619 366 1266 532 An A.S. Berlin.
2507 365 3205 523 Wien, 17.10.1925.
659 687 3216 819 Liebster, heute bin ich noch ohne Nachricht von Bir und wenn Du
629 807 3276 968 gestern nicht express geschrieben hast, kriege ich auch morgen nix
632 975 3404 1086 (wegen Sonntag), was sehr traurig ist. Ich habe Dir heut sehr viel zu
627 1094 3403 1210 bericten. Ich glaube, hoffe, dass sich die Wohnungsfrage in einer sym¬
635 1232 3389 1370 pathischen Weise lösen wird, die, wenn auch finanziell nicht glänzend,
627 1372 3521 1499 mich doch auch von den ärgsten Sorgen befreien könnte. Ein Neffe
617 1493 3350 1638 meiner Schwägerin Spiegler (Sohn jener Nina Spiegler die mit Mahler
627 1624 3339 1777 befreundet war) woll mit seiner jungen Frau die Zimmer mieten u. zw.
600 1740 3261 1865 mit Frühstuck Beleuchtung, Bedienung (u.zw. durch eine Bedienerin,
627 1890 3395 2037 die ich durch 2 Stunden in der Früh nehme um 3.800.000 Kronen). Nach
624 2019 3425 2131 Abzug meiner Spesen blieben mir 3 M. Natürlich wenig, aber es ist doch
635 2137 3440 2293 eine Grundlage und sowohl Karl als ich können in unseren Zimmern blei¬
612 2277 3381 2432 ben und die beiden menschen würden mich nicht im Geringsten stören,
619 2401 3388 2539 da sie beide bei Holzknecht in Röntgeninstitut angestellt, den ganzen
617 2517 3424 2696 Tag ausser Haus wären und überhaupt angenehm und bescheiden sind. Ich
613 2656 3264 2800 hoffe so, dass es zustande kommt und dass ich endlich zur Ruhe und
615 2763 3441 2920 gleichzeitig zur Arbeit komme, nach der ich mich schohn sehne. Gestern
610 2917 3468 3043 Nachmittag war Frieda P. bei mir und wir tratschten sehr gemütlich bei
611 3057 3244 3163 meinem Kaminfauer. Sie ist so ein guter und warmer Mensch, was mir
606 3163 3428 3308 immer sehr sympathisch ist. Am Abend war ich bei Otto und Emmy. Nach¬
609 3319 3262 3449 mittag hätte Emmy Redlich zu mir kommen sollen, aber sie musste
606 3408 3285 3581 mir wegen der Geburt einer Enkelin absagen so habe ich wenigstens
604 3555 3501 3743 Zeit Dir ausführlich zu schreiben. Ich hoffe, dass dein nächster Bericht
606 3680 3365 3834 etwas froher klingt, als die letzten - und all die schwebenden Fragen
576 3834 3464 3996 sich in einer Art lösen, die Dich befriedigt. Ich bin schon so neugierig
594 3981 3369 4149 auf das Resultat Deiner Unterredungen mit B.; mit Fischer - Wiegler -
588 4072 3402 4214 Filmgesellschaft etc. Haft Du schon mit Fischer über das Diagramm ge¬
586 4235 3318 4375 sprochen? Da es ja fast fertig ist und Du es ihm in absehbarer Zeit
592 4372 3314 4482 schicken kannst, wäre es doch ganz gut das jetzt mündlich abzumachen
