3746 4686
2010 226 3209 367 Wien, 5.2.1926. Hotel Regina.
2043 348 2523 503 (nach Wien)
793 534 3338 706 Liebster Freund - damit Du siehst, dass ich nicht so ganz unge-
806 711 3226 854 schickt bin, schreibe ich Dir einen Brief auf meiner lieben
803 857 3341 980 Schreibmaschine. Ich mache aber noch sehr viele Fehler und ich
797 932 3321 1105 bitte Dich mich nicht auszulachen. Ich freue mich sehr, dass Du
797 1104 3331 1219 heute zu mir kommst, aber das ist auch alles, was mich freut und
800 1202 3542 1362 ich zerplatze beinahe vor Sehnsucht nach Zerstreuungen und angeneh-
797 1349 1509 1511 men Sensationen.
799 1476 3389 1619 Du glaubst, ich müsste mich in eine Arbeit oder in ein Buch ver-
805 1608 3446 1762 tiefen, aber ich habe Dir vor zwei Jahren gesagt, dass ich kein in-
805 1759 3305 1908 tellektuelles Weib bin. Ich liebe das Leben und die Liebe und
802 1869 3361 2021 Sonne und Wald und Luft und Wandern und Ruhn und Heiterkeit und
798 2001 3329 2133 Lachen. Das Lachen liebe ich besonders, aber ich habe es schon
805 2145 3329 2252 verlernt - - Ich glaube, ich empfindealles sehr stark, was gut
815 2248 3404 2396 und schön ist und auch alles, was traurig oder kränkend ist.
807 2362 3428 2514 Und habe ich viele Eindrücke empfangen, so setzen sie sich dann in
802 2530 3298 2648 irgend eine Form um, die nach einer Aeusserung sucht und diese
793 2651 3414 2765 Aeusserungen sind seit meinem 7.Lebensjahr immer kleine Dichtun-
795 2792 3481 2913 gen gewesen. Sicher Bedürfnis - Veranlagung, aber nie Zuflucht oder
796 2926 3441 3043 gar - - Fleiss oder Urgend ein Ehrgeiz, womit ich abernicht sagen
788 3034 3584 3162 will, dass mir irgend ein wirklicher Erfolg nicht eine riesige Freude
819 3176 3419 3317 wäre. Aber - immer ist mir das Leben wichtiger und alles was mir
798 3283 3491 3452 gerade das Leben bedeutet. Eine Arbeit wird bei mir vom Leben aus-
795 3433 3357 3568 gelöst, aber sie kann mir nie Ersatz bedeuten. Ich glaube nicht,
804 3569 3377 3680 dass ich übertrieben vergnügungssüchtig bin und ich kenne auch
791 3710 3401 3836 den Reiz einsamer Stunden, aber wenn man so eingeengt lebt in je-
794 3809 3397 3948 der Beziehung wie ich seit vielen Wochen, ersehnt man alles eher
798 3947 3360 4112 als Einsamkeit - und jetzt brauche ich alles eher als literari-
796 4101 3410 4245 sche Betätigung. Ja, Liebster, ich bin kein intellektuelles Weib -
796 4232 3403 4387 und als ich Dir das vor zwei Jahren sagte, da riefst Du: "Gott sei
3510 92 3637 237 132
