3771 4703
2533 266 3260 417 21.4.27. Bl. 3.
603 471 3459 612 bogen.-ich will nun noch ein wenig arbeiten, was weiss ich noch nicht;
607 596 3212 737 Um 6 werden wir von A.C. abgeholt, die "Kinder" wollen im Danieli
610 731 3254 876 tanzen, vielleicht schau ich zu. Dann eventuell in ein Kino - hier
610 841 3290 999 geht es wie in der Schweiz immer weiter, und die Anfangsstunden der
609 1010 2863 1143 einzelnen Vorstellungen sind absolut nicht zu ernieren.
602 1096 3335 1255 Und nun umarme ich Dich zärtlich und wäre sehr froh, wenn ich morgen
609 1264 3356 1402 einen Brief von Dir hätte, der mir nur Günstiges und Erfreuliches von
595 1387 1568 1574 Dir bringt, mein Liebes!
1632 1471 1869 1658 Dein
1918 1653 2032 1766 A.
1848 1862 1992 1957 -- — —
