3782 4638
2765 228 3384 387 3.7.1930.Bl.2.
653 423 3361 588 Jahren.-Die Lage istogut, Entfernung vom Café Pupp zirka 15 Minuten
621 571 3415 725 hin,über 20 Minuten zurück, da es ansteigt. Gestern hier im Haus elend
615 723 3276 861 gefrühstückt, dann Orientierungsbummel in meine Bank und Stadthaus
659 845 3377 964 wegen Ermässigungen, wo ich heute den Direktor Gietschner diesbezüg-
605 975 3263 1093 lich sprechen soll und schliesslich zum Vertreter des kranken Dr.
596 1107 3350 1248 Deutsch. Ein junger Arzt - komischer Zufall, ein ehemaliger Arzte oder
633 1226 3251 1380 Hospitant vom Wiedner Spital, kennt Carry und ist sehr beflissen.
617 1369 3511 1497 Dr. Kopriva. Montag dürfte ich Dr. Deutsch schon sprechen, indessen: Mühl-
621 1494 3396 1619 bunn, Marktbrunn, und Sprudelbäder. Auf Anraten des Dr.Kopriva speiste
631 1638 3399 1758 ich im Stadtparkrestaurant.Man sitzt hübsch, wie im Wiener Stadtpark
619 1754 3430 1888 etwa, es ist nicht teuer (für hiesige Begriffe) aber recht mässig. Keine
611 1893 3486 2007 Suppe, eine Portion Brathuhn mit Salat, ein elender Caramelpudding, 28 Ck.
670 2043 1627 2188 ich gehe kaum mehr hin.
3603 75 3675 286 52
