3799 4638
2158 101 3051 266 2. März 1926
545 106 1121 279 Arthurs Antwort.
2099 201 3578 390 (vor Arthurs Mittelmeer-Reise
2829 322 3660 513 mit seiner Tochter.)
1840 375 2891 546 Wien, 2.3.1926.
742 493 3349 662 Liebe, du schreibst nicht nur viel bessere Briefe als ich, sondern
716 687 3412 812 du bist überhaupt eine bessere Art Wesen als ich es bin. Ich weiss
714 775 3283 946 das, – und ich verstehe dich sehr gut. Glaube mir, zwei Dinge aber
727 898 3404 1107 scheinen mir klar: erstens dass wir unsere Beziehung mit Entschie¬
765 1070 3417 1206 denheit auf eine andere Basis stellen müssen, da diese ewigen Con¬
769 1189 3449 1331 flicte, Sie gewiss zum allergrössten Theil in Eigenheiten und Män¬
727 1330 3440 1498 gel meiner Natur, wohl auch meines Herzens und überdies in gegebenen
727 1448 3427 1576 Thatsachen des äusseren Lebens ihre Ursache haben, und auf mich, ich
712 1589 3365 1709 will es gestehen, ebenso seelisch wie physisch ruinös wirken. Zwei¬
730 1680 3406 1849 tens: dass zwei Menschen, die zu einander so stehen wie du und ich,
734 1856 2860 1995 einander nicht einfach verlassen können und dürfen.–
761 1983 3465 2121 Gespräche und Briefwechsel über diese tausendmal durchgesprochenen
775 2088 3307 2261 Themen haben keinen Sinn. Ich sage Dir für alle Fälle, dass ich
783 2207 3459 2375 (es war schon geschehn) sowohl (wahrschein¬
739 2358 3332 2514 lich) für heute (Oper) als für morgen (Josefstadt) Sitze habe; –
721 2486 3307 2604 willst Du mit mir gehen, so würde es mir eine Freude sein; – wenn
741 2616 3340 2806 nicht, so werde ichs natürlich begreifen, (und gehe natürIich auch
742 2713 3461 2878 nicht). – Und in jedem Falle rufe ich Dich heute Nachmittag zwischen
728 2883 1250 3037 1/2 5 und 5 an.
1443 2960 1770 3145 Arthur.
