3771 4723
676 289 1364 441 Tgb. 12.10.1930.
670 507 3502 624 da sie in der Gegend wohnt. Und vor ein paar Wochen habe er sich auch
677 642 3410 772 zufällig getroffen und vergessen es mir zu erzählen. Er frug mich,
677 728 3534 914 warum ich nicht stehen geblieben bin. Ich sagte, weil ich mit so einer
662 876 3117 1010 Person nicht stehen bleibe. Ich glaube ihm nichts. -Traurig!
689 1009 3489 1129 Montag, 13.10. Was für ein trübseliger Abend gesten wieder. Konversa-
684 1146 3456 1263 tion, bis er plötzlich nach dem Nachtmahls ohne eine Stunden nach den
698 1268 3347 1380 Nachtmahl fragt: "Hast du eigentlich diese Person heute Vormittag
734 1422 3407 1535 wirklich so hässlich gefunden?“ Ich darauf, ebenso lächelnd wie er:
703 1538 3492 1657 "Hässlich? Ich habe ihr Gesicht nicht so genau angesehen. Sie sah nur
682 1680 3344 1812 im ganzen ordinär und wie ein Trampel aus.“ Er: "Du glaubst doch
689 1812 3418 1910 nicht ernsthaft, dass ich mir mit ihr ausgerechnet in der Pötzleins-
688 1921 3375 2080 dorfer Allee ein Rendezvous geben werde, wo einen jeder sehen kann.
689 2075 3411 2209 Man muss doch logisch sein. - Ich: "Ich sehe hier keine Logik. Wenn
699 2199 3439 2320 du überhaupt mit ihr spazieren gehet, so bleibt es doch für Vorüber-
727 2290 1059 2365 gehende
695 2331 3368 2469 gleichgiltig,ob es verabredet oder nicht verabredit war. Und
690 2430 2245 2593 mich konntest du dort nicht vermuteh." -
688 2575 3368 2740 Er schwört weiter, dass es Zufall war. Möglich; aber warum lehnt er
686 2714 3380 2851 es an einem der wenigen schönen Herbstage ab, mit mir spazieren zu
688 2854 3298 3018 gehen? Einmal sagte er: "Du bist sehr klug diese Begegnung nicht
673 2970 3367 3115 tragisch zu nehmen, wie du es früher getan hättest." - Ich da-
694 3133 3442 3255 rauf: "Klug nennst du das? Ich bin nur innerlich müde." Dann beglei-
775 3257 3487 3401 tet er mich stumm nachhause. Die Bäume sindschon ganz gelb. Herbst-
695 3359 3336 3528 was für ein Winter steht mir bevor! Ich habe die ganze Nacht kein
723 3482 1446 3639 Auge geschlossen.
675 3610 3447 3737 14.10. Gestern Abend trotz Erkältung mich gezwungen mit Baronin Ber-
694 3739 3367 3881 ger zu einem Penklubabend im Rathaus (für Schalom Asch) zu gehen.
671 3902 3450 4027 Nach einer halben Stunde angewidert davongelaufen. A. will mich Vor-
681 4030 3397 4155 mittag besuchen. Er sieht ein, dass es so nicht weitergeht und will
677 4127 3399 4299 doch nichts ändern. Einen Augenblick hatte er Thränen in den Augen.
3569 110 3704 258 104
