3690 4670
614 360 1234 499 Tagebuchauszug
665 476 1054 650 (19.8.25)
611 649 3369 781 Mann ist. Wir sollen uns bald da, bald dort treffen. Gestern
675 753 1986 926 waren wir zusammen in St. Moritz.
617 916 3445 1043 Manchesmal habe ich Gewissensbisse. Passt das zusammen: Zimmer vermie¬
626 1056 3443 1193 ten und so leben? Die lieben Bekannten werden sich den Mund zerreis¬
619 1166 3258 1277 sen. Aber wem bin ich Rechenschaft schuldig? Hätte ich allein in
601 1291 3387 1471 irgend einem kleinen Nest sitzen bleiben sollen und auf das Beisam¬
624 1428 3435 1558 mensein mit A. verzichten, damit ich es meinen Nebenmenschen Recht ma¬
604 1557 3264 1675 che? Wem würde ich damit etwas nützen? Aber ich bin doch irgendwo
605 1695 3052 1804 noch ein Spiesser und vermag nichts skrupellos zu geniessen.
