3686 4715
2776 445 3216 604 21.3.1925.
612 607 3410 723 gegen Abend sagte sich Hery plötzlich an, kam zum Nachtmahl zu mir und
619 730 3265 829 ich konnte Eierspeis und Sacherwürsteln. Es war der Schwanengesang
597 865 3298 1004 meines Kochers. Jetzt ist er hin. Den Thee für meine Gäste habe ich
608 954 1203 1107 eben bestellt.
1078 1107 3372 1262 Dies wird wohl der letzte Brief vor Deiner Ankunft sein.
591 1254 3331 1410 Dass ich mich von ganzem Herzen auf Dich freue, brauche ich Dir wohl
617 1400 3342 1527 nicht erst zu sagen. Hoffentlich wird dieses Wiedersehen der Beginn
604 1528 3085 1649 einer neuen warmen, sonnigen Zeit. Es will ja Frühling werden!
1127 1627 1989 1793 Ich küsse Dich innig.
1352 1769 1612 1883 Deine
1563 1840 1770 2052 C.K.
3422 116 3583 265 158
