<?xml version="1.0" encoding="UTF-8" standalone="yes"?>
<PcGts xmlns="http://schema.primaresearch.org/PAGE/gts/pagecontent/2013-07-15" xmlns:xsi="http://www.w3.org/2001/XMLSchema-instance" xsi:schemaLocation="http://schema.primaresearch.org/PAGE/gts/pagecontent/2013-07-15 http://schema.primaresearch.org/PAGE/gts/pagecontent/2013-07-15/pagecontent.xsd">
    <Metadata>
        <Creator>prov=READ-COOP:name=TrHtr:version=0.0.6:model_id=44522:date=25_11_2022_11:53</Creator>
        <Created>2022-11-17T16:36:05.569+01:00</Created>
        <LastChange>2022-11-25T11:53:20.506Z</LastChange>
        <TranskribusMetadata docId="1233893" pageId="50264428" pageNr="685" tsid="105032702" status="IN_PROGRESS" userId="40391" imgUrl="https://files.transkribus.eu/Get?id=FYVAOVFQTGMEIOELQSWLOUXG&amp;fileType=view" xmlUrl="https://files.transkribus.eu/Get?id=TODFVQLJAFGYMNPIIQVPTUOF" imageId="41050839"/>
    </Metadata>
    <Page imageFilename="HIN-155550_0685.tif" imageWidth="2794" imageHeight="3362">
        <ReadingOrder>
            <OrderedGroup id="ro_1670241787081" caption="Regions reading order">
                <RegionRefIndexed index="0" regionRef="r1"/>
            </OrderedGroup>
        </ReadingOrder>
        <TextRegion id="r1" custom="readingOrder {index:0;}">
            <Coords points="515,192 515,3028 2678,3028 2678,192"/>
            <TextLine id="r1l1" custom="readingOrder {index:0;}">
                <Coords points="2487,236 2531,237 2558,228 2578,235 2614,217 2634,234 2650,222 2668,226 2674,151 2632,153 2615,136 2583,136 2569,121 2553,120 2515,141 2494,142"/>
                <Baseline points="2502,212 2527,213 2553,215 2578,217 2604,218 2629,221 2655,224"/>
                <TextEquiv>
                    <Unicode>233/</Unicode>
                </TextEquiv>
            </TextLine>
            <TextLine id="r1l2" custom="readingOrder {index:1;}">
                <Coords points="2586,301 2618,303 2631,301 2644,290 2649,295 2659,295 2667,288 2691,288 2691,222 2678,222 2665,230 2654,222 2633,230 2618,217 2605,225 2586,225"/>
                <Baseline points="2600,267 2626,262 2652,262 2678,267"/>
                <TextEquiv>
                    <Unicode>12</Unicode>
                </TextEquiv>
            </TextLine>
            <TextLine id="r1l3" custom="readingOrder {index:2;}">
                <Coords points="2012,374 2036,364 2064,374 2106,364 2122,375 2153,365 2174,373 2187,360 2234,374 2276,361 2323,383 2324,288 2264,280 2204,303 2160,276 2057,285 2013,274"/>
                <Baseline points="2025,359 2050,359 2076,359 2102,359 2128,357 2154,357 2180,357 2206,357 2232,358 2258,360 2284,362 2310,366"/>
                <TextEquiv>
                    <Unicode>3.5.29.</Unicode>
                </TextEquiv>
            </TextLine>
            <TextLine id="line_1668774534540_5403" custom="readingOrder {index:3;}">
                <Coords points="501,478 2406,536 2408,406 502,402"/>
                <Baseline points="515,473 540,471 565,473 590,473 615,474 640,473 666,471 1005,474 1074,477 1143,479 1213,480 1282,482 1352,483 1421,483 1491,485 1560,485 1630,485 1699,486 1768,486 1838,486 1907,488 1977,488 2046,489 2116,491 2185,493 2255,495 2324,498 2394,501"/>
                <TextEquiv>
                    <Unicode>erst am 5.Tag Deines Hierseins kommen liessest,</Unicode>
                </TextEquiv>
            </TextLine>
            <TextLine id="r1l7" custom="readingOrder {index:4;}">
                <Coords points="537,548 581,546 594,553 602,545 623,543 639,553 652,545 673,555 688,545 723,553 722,477 691,487 670,469 631,488 612,477 536,483"/>
                <Baseline points="551,537 577,537 604,537 630,537 657,536 683,536 710,537"/>
                <TextEquiv>
                    <Unicode>As</Unicode>
                </TextEquiv>
            </TextLine>
            <TextLine id="r1l8" custom="readingOrder {index:5;}">
                <Coords points="539,613 2142,657 2210,608 2361,649 2446,566 540,548"/>
                <Baseline points="551,606 645,606 739,608 833,608 927,609 1021,609 1115,611 1209,612 1303,613 1397,614 1491,615 1585,617 1679,618 1773,620 1867,621 1961,623 2055,623 2149,624 2243,626 2337,627 2432,627"/>
                <TextEquiv>
                    <Unicode>bis, wie Du mir wörtlich sagtest, die O. so "ein-</Unicode>
                </TextEquiv>
            </TextLine>
            <TextLine id="r1l9" custom="readingOrder {index:6;}">
                <Coords points="541,767 2348,804 2599,773 2600,721 542,680"/>
                <Baseline points="554,738 655,740 757,741 858,743 960,744 1062,744 1163,746 1265,747 1366,749 1468,750 1570,750 1671,752 1773,753 1874,753 1976,755 2078,756 2179,756 2281,758 2382,758 2484,759 2586,761"/>
                <TextEquiv>
                    <Unicode>sichtig" war zu begreifen, dass Du mich sehen willst</Unicode>
                </TextEquiv>
            </TextLine>
            <TextLine id="r1l10" custom="readingOrder {index:7;}">
                <Coords points="524,890 2569,889 2569,837 2368,816 525,801"/>
                <Baseline points="537,869 637,869 738,870 839,870 940,872 1041,873 1142,875 1243,876 1344,877 1445,879 1546,879 1646,881 1747,882 1848,884 1949,885 2050,885 2151,887 2252,887 2353,888 2454,888 2555,888"/>
                <TextEquiv>
                    <Unicode>und einen Vormittag fort blieb. Ich habe es ertra-</Unicode>
                </TextEquiv>
            </TextLine>
            <TextLine id="r1l11" custom="readingOrder {index:8;}">
                <Coords points="535,1034 2426,1052 2445,971 536,947"/>
                <Baseline points="549,1004 643,1004 737,1004 831,1005 925,1005 1019,1007 1113,1007 1207,1008 1301,1010 1395,1010 1489,1011 1583,1013 1677,1014 1771,1015 1865,1016 1959,1017 2053,1019 2147,1020 2241,1021 2335,1022 2430,1023"/>
                <TextEquiv>
                    <Unicode>gen, dass Du 3 Wochen lang bei Deiner Familie in</Unicode>
                </TextEquiv>
            </TextLine>
            <TextLine id="r1l12" custom="readingOrder {index:9;}">
                <Coords points="520,1146 1961,1192 2403,1176 2477,1104 521,1078"/>
                <Baseline points="534,1130 630,1131 726,1133 823,1134 919,1136 1016,1137 1112,1139 1209,1140 1305,1140 1402,1142 1498,1143 1594,1143 1691,1145 1787,1146 1884,1146 1980,1148 2077,1149 2173,1149 2270,1151 2366,1152 2463,1154"/>
                <TextEquiv>
                    <Unicode>Hohenschwangau gesessen bist und Dich damals bei</Unicode>
                </TextEquiv>
            </TextLine>
            <TextLine id="r1l13" custom="readingOrder {index:10;}">
                <Coords points="526,1290 2482,1297 2468,1208 1338,1240 528,1175"/>
                <Baseline points="539,1260 635,1262 732,1263 828,1265 925,1265 1021,1266 1118,1268 1214,1269 1311,1271 1407,1272 1504,1272 1600,1274 1697,1275 1793,1277 1890,1277 1986,1278 2083,1280 2179,1280 2276,1281 2372,1281 2469,1283"/>
                <TextEquiv>
                    <Unicode>Deiner Rückkehr mit einem Ueberschwang an Gefühl</Unicode>
                </TextEquiv>
            </TextLine>
            <TextLine id="r1l14" custom="readingOrder {index:11;}">
                <Coords points="922,1323 948,1333 1066,1330 1085,1313 1098,1313 1100,1277 1076,1276 1057,1288 1018,1283 998,1269 950,1280 924,1279"/>
                <Baseline points="936,1322 965,1326 994,1328 1024,1328 1053,1329 1083,1331"/>
                <TextEquiv>
                    <Unicode>und</Unicode>
                </TextEquiv>
            </TextLine>
            <TextLine id="r1l15" custom="readingOrder {index:12;}">
                <Coords points="524,1418 2509,1425 2509,1370 2345,1348 525,1350"/>
                <Baseline points="537,1395 640,1396 743,1397 846,1398 949,1398 1052,1400 1155,1400 1258,1401 1361,1403 1464,1403 1568,1404 1671,1406 1774,1406 1877,1407 1980,1409 2083,1410 2186,1412 2289,1413 2392,1415 2496,1416"/>
                <TextEquiv>
                    <Unicode>empfangen in dem heissen Bedürfnis Dir zu helfen.</Unicode>
                </TextEquiv>
            </TextLine>
            <TextLine id="r1l16" custom="readingOrder {index:13;}">
                <Coords points="520,1535 2318,1586 2397,1563 2398,1490 521,1449"/>
                <Baseline points="534,1523 626,1524 719,1526 811,1527 904,1527 996,1529 1089,1530 1181,1532 1274,1532 1366,1533 1459,1533 1552,1535 1644,1536 1737,1536 1829,1538 1922,1538 2014,1539 2107,1541 2199,1542 2292,1542 2385,1544"/>
                <TextEquiv>
                    <Unicode>Du hast mir nach 3 Wochen erklärt, dass Du nach</Unicode>
                </TextEquiv>
            </TextLine>
            <TextLine id="r1l17" custom="readingOrder {index:14;}">
                <Coords points="512,1679 2275,1717 2628,1687 2629,1622 513,1583"/>
                <Baseline points="525,1656 629,1658 734,1658 838,1659 943,1661 1047,1661 1152,1662 1256,1664 1361,1665 1465,1665 1570,1667 1675,1668 1779,1670 1884,1671 1988,1673 2093,1673 2197,1674 2302,1676 2406,1677 2511,1677 2616,1679"/>
                <TextEquiv>
                    <Unicode>Berlin musst, ich soll das verstehen. Nach der ersten</Unicode>
                </TextEquiv>
            </TextLine>
            <TextLine id="r1l18" custom="readingOrder {index:15;}">
                <Coords points="520,1807 2502,1856 2456,1746 521,1729"/>
                <Baseline points="533,1787 630,1788 728,1790 826,1791 924,1793 1022,1794 1119,1794 1217,1796 1315,1796 1413,1797 1511,1799 1608,1799 1706,1800 1804,1800 1902,1802 2000,1802 2097,1803 2195,1805 2293,1806 2391,1808 2489,1809"/>
                <TextEquiv>
                    <Unicode>Erregung habe ich auch das eingesehen, da Du immer</Unicode>
                </TextEquiv>
            </TextLine>
            <TextLine id="r1l19" custom="readingOrder {index:16;}">
                <Coords points="529,1959 1178,1911 2553,1959 2588,1881 530,1852"/>
                <Baseline points="542,1917 643,1919 745,1920 846,1922 948,1923 1050,1925 1151,1925 1253,1926 1354,1928 1456,1929 1558,1929 1659,1931 1761,1932 1862,1932 1964,1934 2066,1934 2167,1935 2269,1937 2370,1937 2472,1938 2574,1938"/>
                <TextEquiv>
                    <Unicode>und immer wieder betontest, dass Deine Sehnsucht nur</Unicode>
                </TextEquiv>
            </TextLine>
            <TextLine id="r1l20" custom="readingOrder {index:17;}">
                <Coords points="505,2069 2516,2112 2517,2008 506,1998"/>
                <Baseline points="518,2052 617,2054 716,2054 815,2055 915,2057 1014,2057 1113,2058 1213,2059 1312,2060 1411,2061 1511,2063 1610,2063 1709,2064 1808,2066 1908,2067 2007,2069 2106,2069 2206,2070 2305,2072 2404,2074 2504,2075"/>
                <TextEquiv>
                    <Unicode>Heini gelte und ich in dieser Richtung alles be-</Unicode>
                </TextEquiv>
            </TextLine>
            <TextLine id="r1l21" custom="readingOrder {index:18;}">
                <Coords points="518,2223 570,2231 685,2191 704,2202 732,2189 748,2202 780,2194 798,2207 824,2204 824,2157 787,2157 761,2134 701,2129 678,2110 604,2126 570,2115 557,2129 518,2131"/>
                <Baseline points="530,2192 555,2189 581,2187 606,2185 632,2184 658,2184 683,2184 709,2185 735,2186 760,2187 786,2189 812,2190"/>
                <TextEquiv>
                    <Unicode>greife.</Unicode>
                </TextEquiv>
            </TextLine>
            <TextLine id="r1l22" custom="readingOrder {index:19;}">
                <Coords points="873,2349 2615,2357 2616,2255 875,2244"/>
                <Baseline points="888,2315 973,2316 1059,2318 1144,2318 1230,2319 1316,2320 1401,2321 1487,2322 1573,2322 1658,2324 1744,2325 1830,2325 1915,2327 2001,2328 2087,2328 2172,2330 2258,2331 2344,2333 2429,2334 2515,2336 2601,2337"/>
                <TextEquiv>
                    <Unicode>Du bist damals in einer der O. feindlichen</Unicode>
                </TextEquiv>
            </TextLine>
            <TextLine id="r1l23" custom="readingOrder {index:20;}">
                <Coords points="505,2445 2440,2486 2441,2395 2358,2389 506,2372"/>
                <Baseline points="518,2442 613,2442 708,2444 804,2444 899,2445 995,2446 1090,2447 1186,2448 1281,2448 1377,2450 1472,2451 1567,2451 1663,2453 1758,2454 1854,2456 1949,2456 2045,2457 2140,2459 2236,2459 2331,2460 2427,2460"/>
                <TextEquiv>
                    <Unicode>Stimmung aus Berlin zurückgekehrt. Ohne dass Du</Unicode>
                </TextEquiv>
            </TextLine>
            <TextLine id="r1l24" custom="readingOrder {index:21;}">
                <Coords points="508,2578 2443,2629 2563,2617 2564,2536 508,2518"/>
                <Baseline points="522,2576 623,2576 724,2577 826,2577 927,2579 1028,2580 1130,2581 1231,2582 1332,2583 1434,2585 1535,2585 1636,2586 1738,2588 1839,2588 1940,2589 2042,2589 2143,2591 2244,2591 2346,2591 2447,2591 2549,2592"/>
                <TextEquiv>
                    <Unicode>es mir sagtest, ohne dass ich den Grund dafür wuss-</Unicode>
                </TextEquiv>
            </TextLine>
            <TextLine id="r1l25" custom="readingOrder {index:22;}">
                <Coords points="509,2724 2334,2763 2457,2738 2458,2683 510,2645"/>
                <Baseline points="522,2705 618,2708 714,2709 810,2711 906,2712 1002,2713 1098,2714 1195,2715 1291,2717 1387,2718 1483,2720 1579,2721 1675,2721 1771,2723 1868,2724 1964,2726 2060,2726 2156,2727 2252,2729 2348,2730 2445,2732"/>
                <TextEquiv>
                    <Unicode>te oder weiss, habe ich es gefühlt, denn Du warst</Unicode>
                </TextEquiv>
            </TextLine>
            <TextLine id="r1l26" custom="readingOrder {index:23;}">
                <Coords points="521,2874 2189,2910 2498,2864 2499,2812 522,2799"/>
                <Baseline points="534,2844 631,2846 729,2849 826,2850 924,2852 1022,2853 1119,2853 1217,2855 1314,2856 1412,2858 1510,2859 1607,2859 1705,2861 1802,2861 1900,2862 1998,2862 2095,2864 2193,2864 2290,2865 2388,2865 2486,2867"/>
                <TextEquiv>
                    <Unicode>zärtlicher, hingegebener an mich und unsere Bezie-</Unicode>
                </TextEquiv>
            </TextLine>
            <TextLine id="r1l27" custom="readingOrder {index:24;}">
                <Coords points="515,3012 2118,3001 2309,3066 2505,3031 2506,2955 516,2923"/>
                <Baseline points="528,2985 626,2987 724,2987 822,2988 921,2990 1019,2990 1117,2991 1215,2993 1314,2994 1412,2994 1510,2996 1608,2997 1707,2999 1805,2999 1903,3000 2001,3000 2100,3002 2198,3002 2296,3002 2394,3002 2493,3002"/>
                <TextEquiv>
                    <Unicode>hung. Es waren trotz Deiner zeitweisen Depressio-</Unicode>
                </TextEquiv>
            </TextLine>
            <TextEquiv>
                <Unicode>























</Unicode>
            </TextEquiv>
        </TextRegion>
    </Page>
</PcGts>
