3730 4679
586 406 3547 529 22.7. Er schreibt heute früh bis ½ 10 in seinem Zimmer, kommt dann zu mir
597 514 3585 664 sieht elend aus. Ich sage ihm dass ich mich krank fühle und vielleich nach
572 636 3518 826 Wien schon füher hinunter fahre. Er schlägt mir sofort-wieübrigens auch
589 784 3697 984 schon gestern vor von hier direkt nach Gastei zu reisen. Er war sogar gestern
594 929 3632 1069 im Reise- Büro sich nach der Verbindung dorthin erkundigen. Ich lehne eine
596 1059 3612 1201 schieden ab. Er will mich offenbar los sein wenn weil die Cl. am I.8. über
582 1191 3565 1368 Wien nach Talheim fahren dürfte. Mir ist so schlecht dass ich kaum mehr so
583 1305 1212 1445 schreiben kann.
584 1438 3623 1564 Schinnerer heute für 2 Tage nach Wien. Ich habe Carry geschrieben. Ich hat-
574 1553 3583 1729 be ja sonst keinen Menschen auf der Welt. Vielleicht gehe ich für dir paar
579 1707 3590 1824 Tage vor Gastein ins Wiedner Krankenhaus vielleicht gehe ich garnicht nach
568 1820 988 1960 Gastein--
571 1942 3572 2084 A. Tut mir fast leid so einen Charakter zu heben und er ist ein alter Mann
3370 2079 3647 2168 besitzt.
573 2068 3503 2266 und nicht gesund, aber dieses Frauenzimmer das einen Mann und Kinder Stadt
563 2237 3456 2389 und mir das Wenige gestohlen hat oder stehlen will, das ich noch habe-
555 2361 3611 2544 Ob es nicht das beste wäre aus den Fenster zu springen- dann wären ich alle
565 2472 1497 2623 Qualen und Sorgen los-
567 2599 3537 2773 Der erste sonniege Tag. A. mit einem Schauspieler Marx (einem Verwandten
564 2739 3638 2878 der 0.) auf einem Ausflug in (Fräschnitztal. Mich lässt er allein. In der Früh
568 2854 1793 3024 langes telef Gespr. mit Carry.
566 2970 3555 3179 24.Gestern wieder ein Brief von der Cl. das Couven im Briefk gefunden. A.
563 3146 3471 3318 klagt über Kopfschmerzen. Kein Wunder bei diesen inneren Conflikten. Und
558 3262 3671 3466 ich sterbe daran. Oft ist mir als müsste ich aus diesem bösen Traum erwachen
561 3380 1609 3538 als könnte es nicht sein-
3445 3497 3666 3605 wollte
548 3493 3633 3670 Ach wenn er nicht fast 70 jahre alt wäre und wenn ich ihn nicht schonen wol
555 3652 1959 3809 te - Nur einmal losbrüllen können-
541 3774 1432 3928 Und wieder ein Brief.
545 3925 3512 4106 Wien. 28. 7. Seit gestern hier. A. verlassen. Hotel Carlson übernachtet
554 4049 2020 4190 übersiedle morgen zu meinen Kindern.
549 4183 3576 4376 A. gestern früh wieder an meinem Bett. Ich sagte ihm ich hätte etwas besser
546 4290 3540 4508 geschlafen. Er darauf lächelnd: Werde doch überhaupt vernunftiger. Du musst
