3759 4670
2714 105 3193 308 9. 8. 193.
691 142 1612 353 §. 2. Brief an Dr D.
714 382 3437 549 ihm gefrühstückt (Frl. Frieda wurde fortgeschickt] - und ich habe
543 557 3415 688 dazu gelächelt- ich kränke mich nur wenn ich Unaufrichtigkeit Lüge und
527 704 3475 834 Heimlichkeit fühle, die jene "Interessen" bedingen die über einem "Gedan-
549 842 3552 995 kenaustausch und eine harmlose „Anregung“ wie sie es nennen eben hinaus-
548 971 3470 1102 gehen. Und diese Kränkungen nimmt man mir Übel - lösen Verstimmungen u.
547 1127 3521 1227 Scenen aus und haben diese Zweizamkeit die das Schönste und Beglückendste
551 1192 3510 1370 hätte sein können zerstört. - Glauben Sie mir, dass seine Nerven sein E
552 1350 3357 1494 Übelbefinden, nicht auf meine s. g. Undulsamkeit zurückzuführen sind
555 1495 3502 1631 sondern auf das schlechte Gewissen das er mir gegenüber hat auf die inne-
554 1636 3483 1773 ren Konflikte die er sich überflüssiger weise schafft.- Er schreitimmer,
566 1745 3476 1861 er brauche "Einsamkeit". Glauben Sie ernsthaft, dass ich es ihm verübte
573 1854 3480 2007 wenn er allein zu Hause sein will, oder allein für ein paar Tage auf den
555 1989 3510 2130 Semmering geht? - Er schützt diese Einsamkeit vor, um allein aus dem Haus
561 2131 3512 2257 zu gehen oder Jemand bei sich zu sehn oder ungestürt telefonieren zu kön-
561 2283 3404 2408 nen und er fährt fort wenn er sich von mir entfernen will. Nie ist er
562 2398 3539 2528 so einsam, wie ich es Tage - Monatelang ja wie sich es seit ein und einem
558 2523 3494 2663 halben Jahr bin und am einsamsten, wenn ich an diesen entsetlichen Aben-
553 2651 2516 2768 den des heurigen Winters, mit ihm-zusammen war.
563 2769 3477 2964 Nein ich brauche kein Mitleid und von ihm auch keine Anerkennung meiner
571 2907 3361 3041 paar guten Eigenschaften, die für ihn doch nur eine Unbequehmlichkeit
565 3037 3497 3157 sind, mit der kann man eine Wirtschafterin engagieren, aber damit kann
562 3189 2585 3327 man keine Beziehung wie die uns re weiter führen
572 3881 3602 4004 Pragment des Komsepts eines Briefes den ich von Gastein an Dr. D. schrieb
570 3985 3547 4103 der sich aber merkwürdigerweise nicht, (wie meine anderen 2 Briefe an Dr.
584 4049 3494 4140 D) unter meinen Briefen an Arthur vorfand, obwol Dr-D. behauptet, ihn
568 4110 3500 4230 auch A. gegeben zu haben. folgt meine eigenhändige Unterschrift zum Zei-
575 4178 2363 4304 chen dass ich selbst diese Abschrift machte.
1110 4241 2735 4490 Marakathenna Sollaejey
