3702 4674
2910 293 3011 425 2
2669 429 3007 563 5.8.26.
1023 508 3361 704 Heute kam auch Brief von Hermine. Ich kann im Baur au Lac
518 641 3242 860 ein hübsches Zimmer für 12 free. durch sie haben. Gotthard verlangt
631 827 3281 932 -ll fros. und wenn gerade nichts frei ist, so werden sie mir bei der
525 930 3321 1067 Ankunft ein provisorisches Zimmer geben. Bei dem geringen Preisunter-
504 1083 3275 1184 schied und den sonstigen Vorteilen werde ich diese zwei Tage im Baur
551 1196 3479 1342 wohnen, es aber niemand sagen, da es sonst beredet wird. Hermine schreibt,
508 1353 3399 1461 der Herr in Zürich hätte ihnen Zimmer im Dolder bestellt, aber sie seien
512 1456 3324 1657 aus Rücksicht für mich etc. lieber ins Baur gezogen. Also bitte lasse
547 1638 3311 1749 mich dort ein paar Zeilen von Dir finden. Ich werde mich dann gleich
495 1743 3295 1865 sehr wohl fühlen. Ich lege Dir einen Zettel bei, auf den ich während,
509 1860 3437 2004 oder richtiger nach der Lektüre der Badner Novelle den sich mir aufdrän-
511 2017 3315 2164 genden Schluss aufschrieb. Ich bin schon sehr begierig, was Du indessen
494 2134 1061 2262 gemacht hast.
941 2270 3353 2412 Ich habe der Frieda auch einige "Else" -Korrekturen diktiert
503 2422 3319 2551 und hoffe heute noch in Ruhe ein bisel an Roman weiterzuarbeiten. Aber
509 2520 3317 2671 am besten werde ich arbeiten, wenn ich Dich im Nebenzimmer wissenwerde.
503 2629 3252 2808 Es wird wunderschön sein und Du wirst mich gar nicht spüren, nur wenn
3235 2774 3310 2909 ar
482 2801 3219 2932 Du mich spüren willst.- Und es macht mir gar nichts, wenn ich ein pa
534 2918 3470 3078 Tage allein bin - im Gegenteil, wir werden uns dann wieder zusammenfreuen
543 3057 3343 3170 so wie jetzt. Wenn ich Dich nur der Schweiz wieder treffe.
528 3188 3315 3340 Heute ein festes Programm zu machen wäre verfruht, auch ist es hübsch
537 3312 3439 3478 den Schluss der Reise von Stimmung, Wetter und plötzlichen Einfällen ab-
463 3416 1216 3569 hängig zu machen.
973 3567 3471 3725 Jetzt muss ich den Bücherkasten reinmachen gehen, in die Stadt
538 3701 3257 3879 wandere ich heute nicht. Morgen kommen die letzten Kommissionen und
517 3823 3389 3961 "Verschönerungen", Friseur etc. Ich sehe übrigens bloss und müde aus und
498 3980 3534 4119 Nab wirklich Erholung nötig. Ich schreib natürlich noch morgen oder Samstag.
482 4104 3265 4241 Jetzt Geliebter lebewohl für heute. Ich küsse Dich - ich küssen Dich.
1231 4224 1507 4363 Deine
1505 4298 1682 4438 C.K.
3407 105 3556 264 332
