3690 4670
1676 376 1815 492 XI
644 492 1529 636 An A.S. nach Karersee.
2008 476 2644 645 Riva, 14.8.1925.
648 679 1282 826 Mein Liebstes,
1209 820 3322 950 Dein Telegramm war wie eine Erlösung für mich! Wie
640 946 3368 1067 Du aus meinem Brief ersehen haben wirst, hatte ich schon die Absicht
644 1104 3372 1245 mit Carl heute nach Madonna hinaufzufahren und dort Deine Nachrich-
691 1199 3338 1327 ten abzuwarten. Nun stellt es sich aber heraus, dass der Transport
646 1352 3265 1486 meines Gepäcks mehr gekostet hätte, als meine Fahrt - 80 Lire nur
652 1490 3373 1600 hinauf und noch mehr von Madonna nach Bozen. Mir graute hier allein
678 1607 3301 1725 zurück zu bleiben, ohne zu wissen, was aus mir wird und zu dieser
642 1773 3250 1873 Ausgabe konnte ich mich auch wieder nicht entschliessen. So sass
629 1876 3280 1993 ich verzweifelt zwischen meinen vollständig gepackten Koffern und
632 2001 3300 2109 machte mich und Carli sehr nervos, bis um 5 Dein liebes Telegramm
642 2124 3392 2273 kam und mich aller Zweifel und Bedenken enthob. So bin ich also hier
647 2276 3322 2397 in Riva geblieben und harre Deiner weiteren nachrichten. Schon der
636 2382 3333 2492 Gedanke, dass Du morgen in Bozen und nur 4 Stunden von mir entfernt
644 2506 2249 2655 bist, hat etwas so Erfreuliches an sich.
1161 2646 3246 2761 Ich habe heute schon um 3/4 7 mit Cari gefrührtückt
643 2794 3401 2920 und habe ihn dann zum Autobuss begleitet, der mit hiesiger Pünktlich¬
632 2912 3244 3015 keit um 29 statt um 8 Uhr abfuhr. Er, nämlich Carl, ging seelenver¬
639 3054 3318 3150 gnügt auf diesen Ausflug, aber ich wüsste ihn schon gerne glücklich
617 3173 3466 3323 in Wien gelandet. Er hat sich ab Bozen ein Billett 3. Klasse nach Wien
650 3308 3509 3418 genommen, denn er meinte, es sei egal, in welcher Klasse er nicht schlafe.
642 3426 3417 3542 Ich war nicht sehr einverstanden, da er aber sonst nicht gerade spar¬
646 3563 3251 3708 sam ist, wollte ich kein Machtwort sprechen. Wir haben uns in den
622 3658 2309 3838 letzten Tagen wieder sehr gut gesprochen.
1188 3836 3408 3964 Ich bin eben heimgekehrt. Der Tag ist wieder strahlend
636 3956 3396 4098 schön, die Temperatur seit gestern wieder erträglich. Jetzt werde ich
632 4090 3234 4241 gleich nachsehen, ob die Post mir einen Brief von Dir brachte und
621 4208 3328 4359 dann diesen hier fortsetzen. Ich hoffe, dass Deine Magenbeschwerden
