3771 4654
561 241 1178 447 Tøb. 7.9.1930.
564 450 3505 601 sagte 0. und ich hatte Recht. Angeblich belangloses Gespräch über Heini,
569 579 2780 775 der für seine letzte Rolle von Legal sehr belobt wurde.
581 733 3391 895 Nachdem sie A. den ganzen Sommer, wie er mir sagte, zwei Ansichtskarten
575 870 3345 989 schrieb, schreibt sie ihm hieher einen langen Brief und ruft an; aus-
582 1029 3319 1146 schliesslich, um sich bemerkbar zu machen und wahrscheinlich um mich
583 1140 3310 1255 zu ärgern. Aber sie Errt - ich Ärgere mich nicht mehr. Ich sagte A.:
603 1278 3406 1391 "In dieser Richtung ist etwas völlig tot in mir". Er antwortete: "Das
575 1385 2010 1543 hätte es schon längst sein müssen."
561 1530 3368 1666 Abend Kino, unbeträchtlich, aber spannend, A. viel wärmer und sehr lieb
581 1646 897 1795 zu mir.
596 1746 3268 1924 8.9.A. kam heute vor 8 Uhr Früh zu mir - Liebe? Was soll man noch
597 1909 3313 2047 glauben - Später packte ich ihm seinen Koffer. Gute warme Stimmung
603 2043 2973 2182 zwischen uns. Wetter leider elend. Ein Guss nach demandern.
582 2176 3309 2315 9.9. Auf der Heimreise A. plötzlich düster, melancholisch, kühl. Ich
2427 2221 3697 2382 (Onhel von Deuise Heller Freundin des Cb)
578 2338 3508 2463 heiter, zeige keinerbel Verstimmung. Ein Herr F. im Zug, den A.S. und auch
593 2427 3385 2574 ich kennen. Furchtbar redselig. A. sagte nicht ein freundliches Wort.
595 2582 3350 2725 Ich habe ihm seinen Koffer, seine Handtasche gapackt, es ist, als ob er
594 2703 3440 2826 sich ärgerte, dass er mich braucht. Erst als wir schon in Wien im Wagen
580 2845 3353 2966 sitzen sagt er: "Ich danke dir, dass du mich nach Marienbad begleitet
584 2958 3471 3098 hast. Es war recht schön. Ich darauf: "Ich danke dir, dass du mich mit-
588 3093 2923 3237 genommen hast. Hoffentlich haben wir einen guten Winter.“
589 3237 1708 3382 Telefongespräch Magdi-Cary.
585 3340 3424 3495 13.9. Gestern Abend Kino (Zweierlei Moral mit Greta Garbo), wundervoll.
588 3477 2545 3611 A. starrt wieder vor sich hin und an mir vorbei.
586 3603 3313 3757 Heute Vormittag Schneiderin ein Herbstkleid bestellt.Otto zu Tisch,
580 3719 3361 3855 wie immer lieb und gut und erfrischend. Abschriften Corday durchgese-
589 3878 1965 4027 hen. Ich glaube an dieses Stück.
592 3972 3275 4113 14. Cary-Magdi zu Tisch, lieb wie immer. Fühlte mich physisch nicht
581 4112 3310 4261 sehr wohl. Abend mit A. im Kino (Annemarie mit der Dorsch). Pann bei
3598 99 3689 301 16
