3770 4694
2075 270 2885 459 16.8.1927 Bl.3
642 520 3443 657 die schlechte Butter in Celedria ein wenig gestört gewesen-ist heute
677 649 3316 772 unter geordneten Wohnungs- und Nahrungsverhältnissen ganz gut.- In
670 765 3382 890 C. habe ich (durch Heini) einen jungen Burschen, sowie dessen Vetter
674 914 3410 1018 einen Philosophieprofessor aus Rom kennen gelernt; - der Sohn malte
710 1023 3493 1204 Heini (in einer Stunde nicht talentlos). Er hatte eine römi-
674 1166 3264 1290 sche Revue mit - in der soeben der ganze Anatol (ausser Episode)
666 1312 3453 1443 italienische gedruckt erschien (illustriert) - "alle Rechte vorbehal-
675 1408 2314 1581 ten"! - der Gipfel der Unverschämtheit.-
674 1553 3402 1714 Nun, mein Liebstes, sag ich Dr Adieu für heute und hoffe morgen wieder
685 1692 3282 1833 einen Brief auf der Post zu finden.- Und bei meiner Rückkehr aus
706 1833 3317 1965 Collalto einen hier im Hotel. Das Telegramm xxx
721 1981 3442 2092 der liebenswürdige Besitzer schon mit der Schreibmaschine aufgenom-
674 2097 3274 2240 men.) Auf Wiedersehen bei gutem Befinden und mit guten Gefühlen.
674 2224 1932 2369 Ich umarme Dich innig. DeinA.
1859 2384 2121 2547 <INS>
3546 77 3659 267 89
