3689 4702
2687 468 3061 636 17.1.25.
521 594 1651 765 zu leben,anders wäre ein Ver¬
1784 600 1966 745 chen
1048 777 3347 890 Montagrufe ich auch Glücksmann an, aber ich glaube trotz
531 885 3400 988 seines Wohlwollens und seiner Begeisterung an kein praktische Resultat.
529 1018 3299 1153 Nun aber Schluss für jetzt, es ist 12 geworden und ich bin schon sehr
516 1116 2573 1288 hungrig. Mir graut schon vor dem täglichen "Menü".
1034 1246 3109 1428 Lebwohl, bleib gesund, es umarmt Dich herzlich Deine
2370 1398 2573 1535 C.K.
3435 123 3563 258 113
