3754 4703
2112 340 2841 511 25.4.1927 Bl.2.
568 556 3244 705 die Wohnung besichtigt und mit den Leuten spricht. Wir waren Nach-
561 682 3276 821 mittag wieder bei ihr; vielmehr nur Lili, da sie bettlägerig war: ich
548 831 2241 968 unterhielt mich indess mit Moll und Frau.
546 949 3261 1061 Heute kam die Post aus Wien nach, die nichts wesentliches enthielt; -
550 1083 3241 1219 und Dein dritter Brief, bei dessen Absendung Du merkwürdigerweise xxx
561 1218 3326 1361 noch keinen von mir erhalten hattest. Ichhoffe, es sind alle indessen
550 1380 3211 1481 in Deine Hände gelangt. Ich bin froh, dass Anfälle seit Donnerstag
553 1489 3322 1582 ausgeblieben sind- und es wäre schön, wenn man diese ganze, fast drei-
559 1621 3275 1767 wöchentliche Kra kheitsperiode als einen einzigen auffassen dürfte,
587 1730 3269 1889 der sich niemals wiederholen wird. Es klingt so banal und wohlfeil
549 1857 3250 1998 dergleichen auszusprechen - aber Du kannst Dir kaum denken, wie weh
545 2013 3285 2153 mir Deine Schmerzen thun und wie ich von ganzem Herzen wünsche, dass
558 2131 1616 2285 sie für immer ausbleiben.
558 2230 3434 2381 Das Wetter ist schön, etwas kühl, mein Befinden heute besser als gestern;
549 2393 3357 2526 mein Kopf aber selten ganz frei. Zum arbeiten bin ich natürlich nicht
564 2541 3337 2641 gekommen. Wenn ich die Wohnungsangelegenheit während meines hiesigen
557 2664 3240 2786 Aufenthaltes noch gänzlich in Ordnung bringen könnte, würde es eine
553 2764 3459 2916 rechte Erleichterung für mich sein. Im italenischen mach ich beträcht-
560 2910 3408 3056 liche Fortschritte: Arnoldo auch einige im deutschen, - und so verstehen
541 3064 3285 3211 wir uns - besonders französisch - aufs beste. Sein Wesen wird mir
568 3202 3207 3318 von Tag zu Tag sympathischer; und es ist eine Freude, ihn und Lili
563 3313 1324 3440 zusammen zu sehen.
554 3449 3333 3572 Lebwohl, mein Liebstes, ich will noch ein bisschen ins Freie. Bleibe ge-
568 3574 3133 3688 sund und sei sehr zärtlich umarmt. Ich bin ganz der Deine! A.
1708 3705 1975 3858 ------
3527 112 3652 236 14
