3771 4501
617 828 3332 1002 Eifersucht hat immer ihre Ursache. Sie ist der Instinkt der Liebe,
565 958 3452 1107 die im Dunkel tappend nach etwas sucht, das sie verloren fühlt. Und was
630 1077 3394 1264 sie schliesslich findet ist Klarheit, ist Gewissheit, dass das, was sie
570 1179 3408 1387 vermisst, für immer entschwunden ist oder an Andere verschenkt oder am
613 1309 1746 1514 von Andern gestohlen wurde.
1602 1454 2061 1598 - - - -
609 1630 3390 1823 Eifersucht, die nicht aus einem liebenden Herzen kommt, ist hässlicher
598 1742 833 1948 Neid.
1581 1910 2058 2083 - - - - 1
526 2014 3403 2303 Man leidet nie unter der Eifersucht eines Menschen, den man noch liebt.
574 2239 3307 2421 Man wird erst unduldsam gegen solche Regungen, wenn man sich selbst
540 2348 1764 2514 ihrer nicht mehr fähig fühlt.
1559 2489 2047 2660 - - - 1 - - -
509 2682 3463 2906 Schweigen kann die feigste aller Lügen und die grausanste allen Wahrhei-
529 2780 933 2929 ten sein.
1538 2922 1939 3152 - - -
509 3127 3460 3325 Nur wer sich ganz gibt, kann sich auch ganz zurücknehmen. Sich vorsichtig
542 3258 3324 3475 bewahren xxx heisst eine Verwirrung schaffen, aus der man sich nie-
543 3396 1571 3570 mals ganz befreien kann.
1519 3518 1918 3707 F.
534 3659 3281 3932 Als Dritter in eine genschliche Beziehung helfend oder rettend ein-
542 3857 3280 4075 greifen, wenn man nicht zu beiden Beteiligten mit den gleichen Sym-
536 3993 3174 4195 pathien steht, ist immer eine Kurzsichtigkeit oder eine Gemeinheit
521 4117 3101 4310 oder - eine Unaufrichtigkeit, die leicht zum Verbrechen wird und
