3783 4691
2169 221 2913 364 Berlin, 19.3.1929.
2188 352 2852 494 Hotel Esplanade.
537 475 3378 656 Mein Liebes, gestern Vormittag gab es vor allen wieder einmal eine Un¬
556 653 3345 785 terredung mit Fischer, in der er ein halbes Dutzend Mal Ja und ebenso
571 787 3353 938 oft Nein sagte; so ist die Angelegenheit Weg ins Freie immer noch in
564 894 3291 1048 Schwebe. Dann in den Grunewald, mit Dora spazieren – Frühlingstag, und
3175 936 3519 1099 Schmitte
548 1076 3505 1175 dort zu Mittag gegessen. (Lor zeigt mir mikroskopische Schnitte
561 1198 3368 1342 von unleserlich, die 100.000 Jahre alt sind). – Gegen 5 Uhr Hotel,
579 1316 3412 1470 mässiges Befinden. Telefon mit Herald, Deutsches Theater, der von meiner
575 1461 3415 1578 Unterredung mit Edmund Reinhardt überhaupt noch nichts wusste! – Tele¬
576 1555 3463 1720 fon mit Elisabeth, die indess mit Neppach gesprochen, der angeblich einen
569 1674 3504 1844 fertigen Plan für die Else hat; aber weder er noch sie haben vor Samstag
610 1830 3417 1954 Zeit; er weil er Freitag Première von Aretino hat, in der auch Heini
580 1966 3380 2098 eine grössere Rolle spielt; – sie weil sie vor ihrer Südlandsreise (wie
560 2105 3414 2222 sie mir wörtlich sagte) inventarisieren muss. Ich fragte sie wann sie
622 2240 3326 2346 fortwolle. Sie, – sobald als möglich – aber nicht früher als wir unsere
616 2348 3478 2479 Angelegenheit erledigt haben. – Von Reinhardt will sie nun absolut nichts
627 2491 3299 2627 wissen – kein Mensch weiss wer in der nächsten Saison dort regieren
592 2596 3461 2736 wird.– Sonntag hatte sie eine lange Unterredung mit Klein. Mir gegenüber
562 2736 3351 2864 spruch er wie Du weisst sein lebhaftes Interesse gerade für die Else
559 2871 3355 3025 aus; – ihr gegenüber aber äusserte er zwar seine besondere Sympathie
578 2981 3301 3109 für mich (und schwärmt für meine Augen–) – aber er machte Elisabeth
613 3139 3413 3267 5 Gastspielvorschläge und war etwas skeptisch hinzichtlich der Else.–
583 3260 3434 3406 Sie behauptet nun allerdings, dass sie am liebsten mit ihm hinsichtlich
550 3363 3295 3566 der Else einig würde – er ist, wie alle Leute in Berlin sagen, der
578 3546 3429 3678 klügste und (wie Du siehst) verlässlichste unter den Berliner Theater¬
616 3646 3467 3778 direktoren; – aber am Ende – wird doch (wenn überhaupt etwas]) – Barnows¬
580 3804 3420 3943 ky herauskommen. Das erschwerende an der Sache ist, dass Elisabeth von
571 3910 3451 4038 hundert verschiedenen Seiten bestürmt wird; jeder will irgendwas, jeder
586 4040 3269 4164 redet ab (hauptsächlich von Else glaub ich); – sie behauptet zwar –
571 4207 3272 4329 auf meine sehr entschiedenen Fragen, immer wieder, dass sie absolut
