3786 4638
2393 291 3287 447 24.23.7.1930. Bl.5.
592 317 990 476 An A.S.
626 461 3452 616 was ich zu verstehen glaube, wenn Deine Gefühle für mich, wie immer Du
628 638 3558 757 sie nennen willst, an Innigkeit nichts verloren haben, wenn Du eine glück¬
635 733 3394 887 liche Gemeinsamkeit, nicht ein Weiterschleppen wünschst, erhoffst, dann
631 885 3315 1020 will auch ich wünschen und hoffen und alles dazu tun, damit es auch
626 1034 885 1157 wird.
671 1129 3442 1293 Und so will ich Dich fragen: Soll ich gegen den 5. August Dich in der
632 1295 3471 1429 Schweiz oder in der Nähe der Schweiz treffen? Du sagtest noch Dienstag
644 1411 3342 1568 vor einer Woche am Telefon, dass Du um den Ersten herum zurück bist.
626 1566 3386 1695 Dein Bruder fährt, wie ich aus dem Spital höre, Montag nach St. Moritz,
631 1683 3372 1837 Heini trifft in den ersten Augusttagen mit Ruth zusammen. Willst Du
646 1812 3394 1929 mich um den 5. herum also treffen und dann nach ein paar gemeinsamen
633 1922 2152 2105 Tagen mit mir nach Wien zurückkehren?
619 2047 3310 2186 Der Arzt hat mir sehr geraten etwas für meine Erholung zu tun. Ich
642 2197 3409 2338 würde bei einem weiteren Alleinsein nichts, mit ein paar frohen Tagen
673 2317 3432 2469 alles erreichen oder wenigstens viel. Vielleicht haben die 5 Wochen,
629 2476 3287 2624 die wir dann getrennt waren, auch für Dein Bedürfnis ausgereicht,
649 2615 3314 2725 und Du bist mit diesem Wiedersehen, das ich mir lieber an einem an¬
633 2712 3334 2842 dern Ort als in Wien denke, einverstanden. Oder willst Du lieber am
643 2890 3402 3028 5. hieherkommen und später im Herbst mit mir fortgehen, oder gar nicht
624 2984 1952 3132 mehr–? so ist es mir auch recht.
631 3105 3470 3232 Bitte sage mir das alles bald. Wenn Du Dich mir beim Schreiben Deines
673 3279 3436 3395 Briefes, wie Du sagtest »so innig nahe fühltest wie nur je«, dann wird
631 3348 3405 3517 dies auch der Fall sein, wenn Du diesen hier liest, und verstehen und
642 3506 3354 3658 fühlen, wenn wir auch heute sehr wenig von einander wissen, kaum mehr
635 3631 3452 3754 Aeusserliches nicht einmal mehr was der Tag brachte. Vielleicht wenn
653 3802 3368 3947 wir uns wiederschen, in einem guten Sinne wiedersehen, werden wir uns
640 3933 2322 4036 Alles sagen, so wie es früher einmal war.
637 4016 3461 4153 Und noch eines, damit auch nichts unerwähnt bleibt. Ich weiss, dass Du
