<?xml version="1.0" encoding="UTF-8" standalone="yes"?>
<PcGts xmlns="http://schema.primaresearch.org/PAGE/gts/pagecontent/2013-07-15" xmlns:xsi="http://www.w3.org/2001/XMLSchema-instance" xsi:schemaLocation="http://schema.primaresearch.org/PAGE/gts/pagecontent/2013-07-15 http://schema.primaresearch.org/PAGE/gts/pagecontent/2013-07-15/pagecontent.xsd">
    <Metadata>
        <Creator>prov=READ-COOP:name=TrHtr:version=0.0.6:model_id=44522:date=25_11_2022_11:51</Creator>
        <Created>2022-11-17T16:34:54.786+01:00</Created>
        <LastChange>2022-12-02T17:10:03.632+01:00</LastChange>
        <TranskribusMetadata docId="1233893" pageId="50262671" pageNr="303" tsid="105561256" status="IN_PROGRESS" userId="40391" imgUrl="https://files.transkribus.eu/Get?id=GHWNXDGJJIJHMXYABUSIBKWO&amp;fileType=view" xmlUrl="https://files.transkribus.eu/Get?id=CSVPCBXRAHVZUWYXMVSQUELT" imageId="41049936"/>
    </Metadata>
    <Page imageFilename="HIN-155550_0303.tif" imageWidth="3799" imageHeight="4707">
        <ReadingOrder>
            <OrderedGroup id="ro_1670241784722" caption="Regions reading order">
                <RegionRefIndexed index="0" regionRef="r1"/>
            </OrderedGroup>
        </ReadingOrder>
        <TextRegion id="r1" custom="readingOrder {index:0;}">
            <Coords points="330,46 330,4046 3584,4046 3584,46"/>
            <TextLine id="r1l1" custom="readingOrder {index:0;}">
                <Coords points="1666,423 1908,429 1976,477 2075,417 2302,432 2398,403 2397,316 2258,336 2210,317 2107,349 1991,330 1876,354 1804,330 1665,351"/>
                <Baseline points="1685,398 1719,399 1754,400 1788,401 1823,402 1858,403 1892,404 1927,404 1962,404 1996,404 2031,404 2066,402 2100,402 2135,402 2170,401 2204,401 2239,399 2274,399 2308,398 2343,398 2378,396"/>
                <TextEquiv>
                    <Unicode>Wien 1. März 1926</Unicode>
                </TextEquiv>
            </TextLine>
            <TextLine id="r1l2" custom="readingOrder {index:1;}">
                <Coords points="1669,606 3341,627 3456,586 3455,487 2791,533 2173,454 2031,539 1668,511"/>
                <Baseline points="1689,597 1776,596 1863,594 1951,594 2038,593 2126,593 2213,591 2301,591 2388,590 2476,590 2563,590 2650,588 2738,588 2825,587 2913,587 3000,585 3088,584 3175,584 3263,582 3350,581 3438,579"/>
                <TextEquiv>
                    <Unicode>Ich an Arthur als er mir plötzlich telefo¬</Unicode>
                </TextEquiv>
            </TextLine>
            <TextLine id="r1l3" custom="readingOrder {index:2;}">
                <Coords points="1640,691 3287,678 3311,598 1639,592"/>
                <Baseline points="1658,660 1739,660 1821,662 1902,662 1984,660 2066,660 2147,660 2229,660 2311,659 2392,659 2474,657 2556,657 2637,656 2719,656 2801,654 2882,654 2964,654 3046,654 3127,654 3209,654 3291,654"/>
                <TextEquiv>
                    <Unicode>nisch mitgeteilt hatte, dass er mit Lily</Unicode>
                </TextEquiv>
            </TextLine>
            <TextLine id="r1l4" custom="readingOrder {index:3;}">
                <Coords points="1687,744 3315,739 3315,675 3108,661 1687,672"/>
                <Baseline points="1707,729 1786,729 1865,728 1945,726 2024,726 2103,725 2183,725 2262,725 2341,725 2421,723 2500,723 2579,723 2659,723 2738,723 2817,723 2897,723 2976,722 3055,722 3135,720 3214,720 3294,719"/>
                <TextEquiv>
                    <Unicode>eine Mittelmeer-Reise macht ohne vorher</Unicode>
                </TextEquiv>
            </TextLine>
            <TextLine id="r1l5" custom="readingOrder {index:4;}">
                <Coords points="1678,879 2120,790 2386,861 2573,805 3278,854 3576,810 3576,730 1678,755"/>
                <Baseline points="1698,797 1791,797 1884,797 1977,795 2070,795 2163,795 2256,795 2349,794 2442,794 2535,794 2628,792 2721,792 2814,792 2907,792 3000,792 3093,792 3186,792 3279,792 3372,792 3465,792 3558,794"/>
                <TextEquiv>
                    <Unicode>eine Silbe über dieses Project gesagt zu haben</Unicode>
                </TextEquiv>
            </TextLine>
            <TextLine id="r1l6" custom="readingOrder {index:5;}">
                <Coords points="338,986 3215,980 3402,963 3402,844 337,855"/>
                <Baseline points="357,932 508,932 659,932 811,930 962,930 1113,930 1265,930 1416,930 1567,930 1719,929 1870,929 2021,929 2173,927 2324,927 2475,926 2627,926 2778,924 2929,924 3081,923 3232,921 3384,921"/>
                <TextEquiv>
                    <Unicode>Wenn ich unserem heutigen Morgengespräch noch diese Zeilen nachsende so ge¬</Unicode>
                </TextEquiv>
            </TextLine>
            <TextLine id="r1l7" custom="readingOrder {index:6;}">
                <Coords points="318,1082 3183,1097 3378,1080 3378,989 317,1006"/>
                <Baseline points="336,1061 487,1061 638,1061 789,1061 940,1059 1091,1059 1242,1059 1393,1059 1544,1058 1695,1058 1846,1058 1997,1056 2148,1056 2299,1056 2450,1055 2601,1055 2752,1055 2903,1053 3054,1053 3205,1053 3357,1053"/>
                <TextEquiv>
                    <Unicode>schieht es in dem Bedürfnis, dass was mich zu einem ebenso spontanen, wie</Unicode>
                </TextEquiv>
            </TextLine>
            <TextLine id="r1l8" custom="readingOrder {index:7;}">
                <Coords points="318,1229 3510,1180 3271,1093 318,1110"/>
                <Baseline points="336,1190 493,1190 651,1190 808,1190 966,1190 1124,1190 1281,1190 1439,1190 1597,1190 1754,1188 1912,1188 2070,1188 2227,1187 2385,1187 2543,1187 2700,1185 2858,1185 3016,1184 3173,1182 3331,1182 3489,1181"/>
                <TextEquiv>
                    <Unicode>bleibenden Entschluss trieb, für dich und mich noch einmal festzulegen und je¬</Unicode>
                </TextEquiv>
            </TextLine>
            <TextLine id="r1l9" custom="readingOrder {index:8;}">
                <Coords points="329,1376 3549,1346 3501,1239 2701,1212 329,1249"/>
                <Baseline points="347,1320 506,1320 665,1322 824,1322 983,1322 1142,1322 1301,1322 1461,1322 1620,1320 1779,1320 1938,1320 2097,1320 2256,1319 2415,1319 2575,1319 2734,1317 2893,1317 3052,1317 3211,1316 3370,1316 3530,1316"/>
                <TextEquiv>
                    <Unicode>de Möglichkeit eines Misverständnis für eine spätere Rückerinnerung auszuschal¬</Unicode>
                </TextEquiv>
            </TextLine>
            <TextLine id="r1l10" custom="readingOrder {index:9;}">
                <Coords points="317,1452 2419,1512 3286,1482 3366,1378 317,1384"/>
                <Baseline points="336,1452 486,1452 636,1452 787,1452 937,1452 1088,1451 1238,1451 1389,1451 1539,1451 1690,1451 1840,1451 1990,1449 2141,1449 2291,1449 2442,1449 2592,1449 2743,1448 2893,1448 3044,1448 3194,1446 3345,1446"/>
                <TextEquiv>
                    <Unicode>ten, denn hinter Allem was ich dir noch sagen könnte steht unverrückbar der</Unicode>
                </TextEquiv>
            </TextLine>
            <TextLine id="r1l11" custom="readingOrder {index:10;}">
                <Coords points="323,1596 3483,1634 3411,1523 2500,1480 323,1528"/>
                <Baseline points="341,1580 497,1581 653,1581 809,1583 965,1583 1121,1583 1277,1583 1433,1583 1589,1583 1745,1583 1901,1581 2057,1581 2213,1581 2369,1581 2525,1581 2681,1581 2837,1581 2993,1581 3149,1581 3305,1581 3462,1583"/>
                <TextEquiv>
                    <Unicode>Schlusspunkt.– Ich mag mit meinem Verstand mit meinen Herzen den Fall erwägen,</Unicode>
                </TextEquiv>
            </TextLine>
            <TextLine id="r1l12" custom="readingOrder {index:11;}">
                <Coords points="333,1740 3449,1746 3449,1646 3250,1626 333,1652"/>
                <Baseline points="353,1710 506,1712 660,1713 814,1713 968,1715 1121,1715 1275,1716 1429,1716 1583,1716 1736,1716 1890,1716 2044,1716 2198,1716 2351,1715 2505,1715 2659,1715 2813,1715 2966,1715 3120,1715 3274,1715 3428,1715"/>
                <TextEquiv>
                    <Unicode>– das Resultat, bleibt immer dasselbe. Du sagst, ich verhalte mich, als ob</Unicode>
                </TextEquiv>
            </TextLine>
            <TextLine id="r1l13" custom="readingOrder {index:12;}">
                <Coords points="315,1863 3443,1901 3443,1777 3225,1745 315,1764"/>
                <Baseline points="335,1841 489,1842 644,1842 798,1844 953,1844 1107,1844 1262,1844 1416,1845 1571,1845 1725,1845 1880,1845 2034,1845 2189,1847 2343,1847 2498,1847 2652,1847 2807,1847 2961,1847 3116,1847 3270,1847 3425,1847"/>
                <TextEquiv>
                    <Unicode>du mit einer andern Frau, und nicht mit deiner Tochter auf Reisen gehen woll¬</Unicode>
                </TextEquiv>
            </TextLine>
            <TextLine id="r1l14" custom="readingOrder {index:13;} supplied {offset:42; length:1;}">
                <Coords points="313,2023 3446,1995 3446,1903 2949,1878 314,1895"/>
                <Baseline points="332,1971 486,1971 641,1973 795,1974 950,1974 1105,1975 1259,1976 1414,1976 1569,1976 1723,1976 1878,1976 2033,1976 2187,1977 2342,1977 2497,1977 2651,1977 2806,1977 2961,1979 3115,1979 3270,1980 3425,1982"/>
                <TextEquiv>
                    <Unicode>test. Ja, um Gotteswillen soll denn das Um- und Auf einer Beziehung darauf</Unicode>
                </TextEquiv>
            </TextLine>
            <TextLine id="r1l15" custom="readingOrder {index:14;}">
                <Coords points="321,2118 3517,2135 3481,2031 321,2051"/>
                <Baseline points="342,2102 499,2102 657,2103 814,2104 972,2105 1130,2105 1287,2105 1445,2106 1603,2106 1760,2106 1918,2106 2076,2106 2233,2108 2391,2108 2549,2108 2706,2108 2864,2109 3022,2109 3179,2110 3337,2111 3495,2112"/>
                <TextEquiv>
                    <Unicode>beruhen, dass man sich die äussersten Grenzen der Treue hält und darf man nicht</Unicode>
                </TextEquiv>
            </TextLine>
            <TextLine id="r1l16" custom="readingOrder {index:15;} supplied {offset:51; length:1;}">
                <Coords points="334,2290 3406,2273 3435,2174 334,2178"/>
                <Baseline points="353,2231 506,2232 659,2232 812,2232 965,2234 1118,2234 1271,2235 1424,2235 1577,2237 1730,2237 1883,2237 2036,2238 2189,2238 2342,2240 2495,2240 2648,2240 2801,2241 2954,2241 3107,2241 3260,2241 3413,2243"/>
                <TextEquiv>
                    <Unicode>anderes verlangen, oder richtiger erwarten? – Gewiss würden Aussenstehende lä¬</Unicode>
                </TextEquiv>
            </TextLine>
            <TextLine id="line_1668764702098_611" custom="readingOrder {index:16;}">
                <Coords points="321,2361 3370,2389 3302,2306 321,2282"/>
                <Baseline points="342,2358 385,2360 429,2361 472,2362 516,2363 560,2364 603,2364 647,2364 690,2364 734,2364 778,2366 821,2366 865,2364 908,2364 952,2364 996,2364 1039,2363 1083,2363 1126,2361 1170,2361 1214,2360 1346,2363 1446,2364 1546,2366 1646,2367 1746,2367 1847,2369 1947,2369 2047,2369 2147,2369 2247,2370 2348,2370 2448,2370 2548,2370 2648,2370 2748,2370 2849,2370 2949,2370 3049,2372 3149,2372 3249,2373 3350,2375"/>
                <TextEquiv>
                    <Unicode>cheln, wenn sie hören würden dass ich eine Reise mit deiner Tochter als eine</Unicode>
                </TextEquiv>
            </TextLine>
            <TextLine id="line_1668764706867_616" custom="readingOrder {index:17;}">
                <Coords points="317,2497 3425,2553 3506,2438 318,2414"/>
                <Baseline points="336,2484 377,2487 418,2487 459,2489 500,2490 541,2490 582,2492 623,2492 664,2492 705,2493 746,2493 787,2493 828,2495 869,2495 910,2495 951,2495 992,2496 1033,2496 1074,2496 1115,2496 1157,2498 1332,2495 1439,2495 1547,2495 1655,2496 1762,2496 1870,2498 1978,2499 2085,2499 2193,2501 2301,2501 2409,2502 2516,2504 2624,2504 2732,2504 2839,2505 2947,2505 3055,2505 3162,2505 3270,2504 3378,2504 3486,2502"/>
                <TextEquiv>
                    <Unicode>kränkung empfinde, aber doch nur solche, die den Fall, losgelöst von der gan¬</Unicode>
                </TextEquiv>
            </TextLine>
            <TextLine id="line_1668764710971_621" custom="readingOrder {index:18;}">
                <Coords points="315,2641 1991,2638 2181,2699 2607,2666 2608,2578 316,2529"/>
                <Baseline points="335,2616 376,2617 417,2618 459,2619 500,2620 542,2621 583,2622 624,2622 666,2622 707,2624 749,2624 790,2624 831,2624 873,2624 914,2624 956,2624 997,2624 1038,2624 1080,2624 1121,2625 1163,2625 1541,2622 1593,2625 1645,2627 1698,2628 1750,2630 1802,2630 1855,2631 1907,2631 1959,2631 2012,2631 2064,2631 2116,2630 2169,2630 2221,2630 2273,2630 2326,2630 2378,2630 2430,2630 2483,2631 2535,2633 2588,2634"/>
                <TextEquiv>
                    <Unicode>zen Situation und Allem was vorangieng zu hören bekämen.</Unicode>
                </TextEquiv>
            </TextLine>
            <TextLine id="r1l23" custom="readingOrder {index:19;} textStyle {offset:41; length:3;underlined:true; fontSize:0.0; kerning:0;}">
                <Coords points="316,2771 3504,2763 316,2640"/>
                <Baseline points="335,2750 492,2751 650,2753 807,2753 965,2754 1122,2756 1280,2756 1437,2757 1595,2757 1752,2759 1910,2759 2067,2760 2225,2760 2382,2760 2540,2760 2697,2762 2855,2762 3012,2762 3170,2762 3327,2762 3485,2760"/>
                <TextEquiv>
                    <Unicode>Du hast ganz genau gewust, was du tust – mir tust, als Du diesen Reise – Ent¬</Unicode>
                </TextEquiv>
            </TextLine>
            <TextLine id="r1l24" custom="readingOrder {index:20;}">
                <Coords points="311,2919 3200,2966 3440,2845 311,2852"/>
                <Baseline points="333,2879 487,2880 641,2882 795,2883 950,2885 1104,2885 1258,2886 1413,2888 1567,2889 1721,2891 1876,2892 2030,2892 2184,2894 2338,2895 2493,2895 2647,2897 2801,2897 2956,2897 3110,2898 3264,2898 3419,2898"/>
                <TextEquiv>
                    <Unicode>schluss fasstest und ihn mir nachher mitteiltest, wie eine Belanglosigkeit.</Unicode>
                </TextEquiv>
            </TextLine>
            <TextLine id="r1l25" custom="readingOrder {index:21;}">
                <Coords points="321,3063 3457,3049 3457,2957 3302,2941 321,2919"/>
                <Baseline points="341,3009 495,3011 650,3012 805,3014 960,3015 1115,3017 1269,3018 1424,3020 1579,3020 1734,3021 1889,3021 2043,3023 2198,3023 2353,3024 2508,3024 2663,3026 2817,3026 2972,3026 3127,3027 3282,3027 3437,3029"/>
                <TextEquiv>
                    <Unicode>Rein verstandes mässig musstest du dir sagen, dass wenn Dir noch überhaupt</Unicode>
                </TextEquiv>
            </TextLine>
            <TextLine id="r1l26" custom="readingOrder {index:22;} textStyle {offset:48; length:6;underlined:true; fontSize:0.0; kerning:0;}">
                <Coords points="329,3170 3389,3203 3450,3060 330,3091"/>
                <Baseline points="350,3138 504,3140 658,3143 812,3144 966,3146 1120,3147 1274,3149 1428,3150 1582,3150 1736,3152 1890,3153 2044,3153 2198,3155 2352,3155 2506,3156 2660,3156 2814,3158 2968,3158 3122,3159 3276,3160 3431,3161"/>
                <TextEquiv>
                    <Unicode>etwas an mir liegt, und Du mich nicht verlieren willst, Du der Kette von</Unicode>
                </TextEquiv>
            </TextLine>
            <TextLine id="r1l27" custom="readingOrder {index:23;} supplied {offset:56; length:1;}">
                <Coords points="312,3282 3030,3348 3288,3334 3289,3239 312,3162"/>
                <Baseline points="330,3270 484,3272 639,3273 794,3275 948,3276 1103,3278 1258,3279 1412,3281 1567,3281 1722,3282 1876,3284 2031,3284 2186,3285 2340,3285 2495,3287 2650,3288 2804,3288 2959,3290 3114,3291 3269,3291"/>
                <TextEquiv>
                    <Unicode>Lieblosigkeiten und Kränkungen, nicht auch noch diese hinzufügen kannst.</Unicode>
                </TextEquiv>
            </TextLine>
            <TextLine id="r1l28" custom="readingOrder {index:24;}">
                <Coords points="318,3414 3454,3432 3228,3311 318,3342"/>
                <Baseline points="336,3401 490,3402 645,3402 800,3404 955,3405 1110,3407 1265,3408 1420,3410 1575,3411 1730,3411 1885,3413 2039,3414 2194,3416 2349,3417 2504,3419 2659,3420 2814,3422 2969,3422 3124,3423 3279,3425 3434,3426"/>
                <TextEquiv>
                    <Unicode>Aber Du sagtest dir einfach,– sie hat sich schon mit so Vielem abgefunden, ist</Unicode>
                </TextEquiv>
            </TextLine>
            <TextLine id="r1l29" custom="readingOrder {index:25;}">
                <Coords points="329,3577 2944,3610 3394,3593 3447,3490 330,3465"/>
                <Baseline points="351,3527 504,3530 658,3532 812,3534 965,3536 1119,3538 1273,3540 1426,3540 1580,3542 1734,3543 1888,3545 2041,3545 2195,3546 2349,3546 2502,3548 2656,3549 2810,3549 2963,3551 3117,3552 3271,3554 3425,3555"/>
                <TextEquiv>
                    <Unicode>nach einer kleinen peinlichen Scene immer zur Tages-Ordnung übergegangen – es</Unicode>
                </TextEquiv>
            </TextLine>
            <TextLine id="r1l30" custom="readingOrder {index:26;}">
                <Coords points="330,3681 3366,3763 3367,3620 3264,3603 330,3593"/>
                <Baseline points="348,3656 505,3659 663,3662 821,3663 979,3666 1137,3668 1295,3669 1452,3671 1610,3674 1768,3675 1926,3677 2084,3678 2242,3680 2399,3681 2557,3681 2715,3683 2873,3684 3031,3684 3189,3686 3347,3687"/>
                <TextEquiv>
                    <Unicode>wird auch diesmal so sein – nehmen wir halt ein paar unangenehme Stunden mit</Unicode>
                </TextEquiv>
            </TextLine>
            <TextLine id="r1l31" custom="readingOrder {index:27;}">
                <Coords points="323,3795 781,3806 824,3823 825,3755 770,3727 738,3746 679,3709 623,3736 591,3712 495,3726 440,3693 324,3719"/>
                <Baseline points="344,3786 369,3786 395,3786 420,3786 446,3786 471,3786 497,3786 522,3787 548,3788 574,3789 599,3789 625,3790 650,3791 676,3791 701,3791 727,3792 752,3792 778,3791 804,3791"/>
                <TextEquiv>
                    <Unicode>in den Kauf.</Unicode>
                </TextEquiv>
            </TextLine>
            <TextLine id="r1l32" custom="readingOrder {index:28;}">
                <Coords points="316,3884 3356,3918 3500,3895 3501,3752 317,3788"/>
                <Baseline points="335,3854 492,3854 649,3855 807,3858 964,3860 1121,3861 1279,3863 1436,3864 1593,3866 1751,3869 1908,3870 2065,3872 2223,3873 2380,3875 2537,3876 2695,3878 2852,3879 3009,3879 3167,3881 3324,3881 3482,3882"/>
                <TextEquiv>
                    <Unicode>Nicht einen Augenblick störte dich die Erwägung dass ich einen Arbeits und sor¬</Unicode>
                </TextEquiv>
            </TextLine>
            <TextLine id="r1l33" custom="readingOrder {index:29;}">
                <Coords points="308,4015 3488,4092 3489,3953 3350,3940 309,3932"/>
                <Baseline points="330,3986 486,3987 643,3989 800,3989 957,3992 1114,3993 1271,3995 1427,3996 1584,3998 1741,3999 1898,4002 2055,4004 2212,4005 2369,4007 2525,4008 2682,4010 2839,4012 2996,4014 3153,4014 3310,4016 3467,4017"/>
                <TextEquiv>
                    <Unicode>genschweren Winter hinter mir habe, das sich eine Erholung, eine Ausspannung</Unicode>
                </TextEquiv>
            </TextLine>
            <TextEquiv>
                <Unicode>Wien 1. März 1926
Ich an Arthur als er mir plötzlich telefo¬
nisch mitgeteilt hatte, dass er mit Lily
eine Mittelmeer-Reise macht ohne vorher
eine Silbe über dieses Project gesagt zu haben
Wenn ich unserem heutigen Morgengespräch noch diese Zeilen nachsende so ge¬
schieht es in dem Bedürfnis, dass was mich zu einem ebenso spontanen, wie
bleibenden Entschluss trieb, für dich und mich noch einmal festzulegen und je¬
de Möglichkeit eines Misverständnis für eine spätere Rückerinnerung auszuschal¬
ten, denn hinter Allem was ich dir noch sagen könnte steht unverrückbar der
Schlusspunkt.– Ich mag mit meinem Verstand mit meinen Herzen den Fall erwägen,
– das Resultat, bleibt immer dasselbe. Du sagst, ich verhalte mich, als ob
du mit einer andern Frau, und nicht mit deiner Tochter auf Reisen gehen woll¬
test. Ja, um Gotteswillen soll denn das Um- und Auf einer Beziehung darauf
beruhen, dass man sich die äussersten Grenzen der Treue hält und darf man nicht
anderes verlangen, oder richtiger erwarten? – Gewiss würden Aussenstehende lä¬
cheln, wenn sie hören würden dass ich eine Reise mit deiner Tochter als eine
kränkung empfinde, aber doch nur solche, die den Fall, losgelöst von der gan¬
zen Situation und Allem was vorangieng zu hören bekämen.
Du hast ganz genau gewust, was du tust – mir tust, als Du diesen Reise – Ent¬
schluss fasstest und ihn mir nachher mitteiltest, wie eine Belanglosigkeit.
Rein verstandes mässig musstest du dir sagen, dass wenn Dir noch überhaupt
etwas an mir liegt, und Du mich nicht verlieren willst, Du der Kette von
Lieblosigkeiten und Kränkungen, nicht auch noch diese hinzufügen kannst.
Aber Du sagtest dir einfach,– sie hat sich schon mit so Vielem abgefunden, ist
nach einer kleinen peinlichen Scene immer zur Tages-Ordnung übergegangen – es
wird auch diesmal so sein – nehmen wir halt ein paar unangenehme Stunden mit
in den Kauf.
Nicht einen Augenblick störte dich die Erwägung dass ich einen Arbeits und sor¬
genschweren Winter hinter mir habe, das sich eine Erholung, eine Ausspannung</Unicode>
            </TextEquiv>
        </TextRegion>
    </Page>
</PcGts>
