3742 4626
668 300 898 449 1929
708 497 985 638 11.1.
676 604 3403 767 Emmy. Am Abend im Kino mit A. "Matterhorn". Mäsig. Dann A. bei mir
691 740 3422 906 genachtmahlt, und bis 12 musiziert. Meine Stimme eingerostet. Müsste
686 894 905 1019 üben.
683 1004 3410 1150 12.1. Anna, Harry zu Tisch. Nachmittag Frieda diktiert. A. auf einen
674 1137 1328 1302 Sprung bei mir.
690 1265 3381 1431 15.1. Mein Geburtstag. Ich bin ohne Mädchen, erkältet, Schnee, Kalte.
668 1436 2035 1580 Muss selbst das Tor öffnen gehen.
682 1540 3600 1670 16.1. Die Bedienerin von A. hilft mir ein paar Stunden aus. Ich fiebere.
680 1650 3335 1783 17.1. Zu Bett. A. besucht mich. Fieber, Husten. Ein neues Mädchen.
694 1796 3458 1926 20.1. Mit Frau Prof.Hajek bei A. zu Tisch. Zum ersten Mal mit seiner
676 1915 2790 2072 Schwester zusammen, obwohl ich sie seit Jahren kenne.
669 2068 3530 2186 Elisaueth Bergner in Wien, um mit A. und Prof. Strnad die Aufführung der
721 2210 3488 2351 "Else" zu besprechen. Heute Abend Besprechung bei ihm. Ich soll erst
663 2292 3290 2483 Dienstag gleichzeitig mit Alma, Werfel die Bergner bei ihm kennen
679 2444 1004 2583 lernen.
678 2542 3417 2724 21.1. Die Bergner reist morgen wieder ab, ist heute Abend allein bei
678 2739 3326 2859 ihm. Und ich, die Erste, die die Idee hatte, dass sie "Else" spielen
699 2824 3116 2988 soll, ist ausgeschlossen. Das ist wieder so hässlich von ihm!
688 2972 3206 3090 22.1. Ich sage nichts, aber ich kränke mich. Er weiss es genau.
670 3096 3409 3229 Schnee, Kälte, ich friere. Ich kann mich an keinen so strengen Winter
684 3233 2882 3409 erinnern. Bei "Leinen aus Irland", sehr unterha,ltend.
680 3391 3470 3553 23.1. Abend bei A. mit Hofrätin Z., Fridell, Alma und Werfel. A. über-
674 3471 2125 3648 mässig viel gelacht und gesprochen.
684 3582 3525 3785 24.1. Bei "Mary Dugan", Volkstneater. Spannende Detektivsache, gut unter-
675 3761 994 3871 halten.
675 3868 3485 4012 Empfand bei Hofrätin Z. nach der Werzel-Première. Schauspieler, Diploma-
675 4020 3331 4173 tie, Direktoren. Herterich, Beer,Schönherr, Bittner. Presse,Theater.
675 4142 3493 4302 Hunderte von Menschen. Ich fühle, ich gehöre zu niemand. Bin bloss Zu-
