3702 4667
2914 309 2984 411 3
2632 448 2997 572 4.8.1925
583 566 3238 719 geben wollte, könnte ich vielleicht klügere und bedeutendere Briefe
540 719 3247 854 zusammenbringen, - aber es widerstrebt mir so - gerade Dir gegenüber.
548 838 3327 969 Ich will ja nichts als Dich wissen lassen, wie ich hier lehe und Dir
609 969 1867 1076 etwas von meinem Herzen senden.
1076 1090 3290 1225 Am Donnerstag werdenDich meine Gedanken auf der Fahrt
2414 1194 2563 1267 mit
584 1234 3195 1369 von Bozen nach Karerpass begleiten. Wenn ich Dich denke, dass wir
553 1384 2957 1494 dort vor wenigen Wochen zusammen eingekehrt sind - und nun?
1103 1485 3363 1636 Aber ich will nicht denken, nur froh sein, dass in dieser
548 1593 3338 1742 ganzen Zeit so viele schöne Stunden waren. Schreib bald, schreib viel
558 1756 3031 1869 und alles, wovon Du glaubst, dass es mich interessieren könnte.
1118 1849 3419 2043 Ich sende diesen Brief erst morgen ab, damit er womöglich
543 2048 2827 2142 nicht vor Dir eintrifft. Ich küsse Dich sehr, sehr innig.
1383 2154 1645 2299 Deine
1619 2253 2332 2421 Clara Katharina.
3451 121 3605 275 180
