3795 4582
547 140 805 339 S. 2.
630 267 1609 461 Wien 6ten 8ten 9 1931
544 481 1485 660 (Brief von Dr. Donat,
540 658 3527 836 Sie würden Alles tun wenn Sie unabhängig in seiner Nähe sein könnten. Da
552 844 3517 959 Sie aber leider materiell nicht unabhängig sind, brauchen sie immer wie-
548 967 3509 1113 der erst einen Beweis seiner Zuneigung, die Ihnen erst diese Abhängigkeit
545 1067 3604 1231 erträglich macht. Diesen Beweis muss und wird er Ihnen erbringen; Sie waren
553 1226 3540 1351 aber nie vergessen dürfen, dass er ein im öffentlichen Leben stehender Me
548 1330 3403 1478 Mensch ist, der von einer Unzahl von Menschen verehrt und geliebt wird
556 1463 3603 1605 und sich dem Umgang mit diesen Menschen nicht entziehen kann und darf. Wenn
558 1587 3553 1780 er sein Leben nur mit einem Menschen verbracht hätte, hätten er sicher nicht
545 1753 3551 1881 nichts von all dem hervorbringen können, was ihm jetzt so viele Freunde u.
552 1847 3529 2023 Verehrer beiderlei Geschlechts verschafft. Sie werden ihm also stets die
543 1983 3481 2176 Möglichkeit geben müssen, mit diesen Menschen zusammenzukommen, Gedanken
544 2134 3520 2255 auszutauschen und von ihnen Anregung zu empfangen. Sie müssen das tun und
562 2249 3538 2387 noch dazu mit Veständnis gern tun, weil sie ihn ja nicht in seiner Arbeit
547 2368 3561 2549 hindern wollen, weil sie ja wissen dass es zu seinem ureigensten Leben ge-
538 2491 3442 2653 hört, die Ungebundenheit der Freiheit, weil sie ihn ja lieben. Sie müs-
1998 2604 2372 2695 zu Ihnen
555 2661 3581 2793 senn nur Gewissheit über seine Gefühle bekommen. Die werden Sie bekonnen.
551 2758 3557 2925 Dafür wird die Trennung wieder bei ihm sorgen. Sie müssen mir ja nicht un-
555 2929 3490 3082 bedingt glauben. Sie sollen es selbst erleben. Vielleicht wird Sie schon
548 3039 3562 3173 der gemeinsame Aufenthalt in Gaßtein darüber aufklären! Ich versichere Ih-
552 3157 3521 3293 nen dass er, ein inniges Gefühl für sie empfindet dass des Ihrigen würdig
552 3301 3603 3415 ist, dass sie stolz machen kann und Ihnen Kraft geben muss zur Überbrückung
535 3421 2578 3604 der kleinlichen Alltäglichkeiten. Glauben Sie mir!
1580 3594 2169 3749 Ihr ergebener
2118 3714 2347 3928 Dr D.
