3759 4650
2274 273 3010 415 24.1.25. Bl. 3.
597 367 3541 568 wieder Appetit gehabt. Meine ehrliche Absicht war es Donnstag zu reisen,
562 502 3514 692 aber Du nimmst es mir nicht Übel, dass ich unter diesen Umständen auf ein
585 661 3352 826 paar Tage verschoben habe. Und nun hat mir der vortreffliche Horbert
615 776 3437 949 Steiner in Zürich den bereits vorgemerkten Schlafwagen auf den 1. um-
624 926 3318 1039 schreiben lassen.- Bis nach? Campher bin ich noch nicht gelangt; -
2024 1018 3215 1114 fuhr ich auf die Chantarella.
571 1041 3515 1233 Souvrettahaus war das weiteste und vorgestern xxx xxx
567 1195 3430 1336 Gespräche zu zweit haben überhaupt noch nicht stattgefunden; -
573 1327 3509 1490 ein paar Leute aus Berlin, ein Herr Gonzale und Frau, und eine Frau Mendel
557 1405 3383 1638 habe ich flüchtig kennen gelernt und mich an den Kunstläufen der Frau
596 1579 3376 1711 Thea Preussen ergötzt.- Bei Hanselmann (neben dem Privathotel) trink
544 1692 3415 1902 ich nach Tisch meinen Schwarzen; - und nach dem Diner in der Hall, gegen
553 1825 3258 2035 meine Gewohnheit den Thee.- Im Hotel niemanden kennen gelernt; die
589 1936 3564 2156 Hälfte der Gäste begeben sich nach dem Diner in eines der grossen Hotels,
585 2078 3443 2266 ich glaube, in jedem wird getanzt; - hier bei uns ist esganz still; - nur
583 2226 3394 2388 gestern liess der Direktor, der wie ein Japaner aussieht, einige Gramma-
542 2358 3435 2528 phonplatten laufen.- Im übrigen hab ich Correspondenz erledigt, allerlei
503 2434 2268 2630 gelesen und bin mit dem Roman beschäftigt.
888 2601 3398 2771 Nun, mein Liebstes, sag ich Dir Adieu für heute. Ich denke, dass
523 2739 3301 2932 Duf diesen Brief noch hieher antworten kannst. Das Manuscript be-
560 2872 3371 3049 halt ich aber bei mir. Ich bin sehr begierig über Zsulnay und Glücks-
521 3008 3336 3185 mann baldigst näheres zu erfahren. Und wenn Du auf eine Redoute gehen
563 3145 3452 3336 wolltest, Elende, so schreib es mir. (Ich - dies nur nebenbei- verschmähe
501 3265 3287 3446 es heute Abend den grossen Kostumball der Saison im Suvrettahaus mit
502 3379 2730 3573 meiner Gegenwart zu beehren. Sei zärtlich umarmt. Dein
2758 3547 2835 3671 A
1674 3641 1987 3771 - - -
3478 104 3631 257 128
