3771 4618
539 195 1206 397 Tgb. 30.5.1931.
536 357 3464 555 31.5. A. kam um 11 Uhr mich zum Spazierenfahren abholen. Er sich gewpen-
555 529 3472 681 sterhaft aus. Nach zwei Minuten wagte er mir, die O. habe aus Franzensbad
558 679 3478 812 angerufen, sie will herkommen, wie will die "Komparserie", die Heini inze-
543 786 3399 920 niert, sehen, was er, A, sehr begreiflich findet - (das wüsse Mütterchen!)
553 931 3477 1111 und er könne ihr das Herkommen nicht untersagen. Ich antwortete, man kann
551 1060 3407 1208 schon, denn man trifft es ja bei mir auch. Aber als er sofort auffahren
555 1164 3476 1298 wollte, sagte ich, es sei gar kein Grund sich zu alterieren, ich werde, wenn
544 1309 3514 1439 irgend möglich, für diese paar Tage fortgehen, um ihm alle Konflikte zu er-
546 1422 3413 1574 sparen. Kaum war das erledigt erzählte er, er habe auch die Clasler ge-
553 1583 3500 1712 sprochen und er werde demnächst mit ihr, ihrem Gatten (?), ihrer Schwester
541 1690 3550 1910 und dem Heini irgendwo hinausfahren und nachtmahlen!! Haha, man soll ja la-
548 1858 2122 1988 chen und mich aus nichts etwas machen.
534 1986 3516 2134 Unsere Spazierfahrt mit conversation über die politische Lage und Verdau-
550 2099 3436 2234 ungsstörungen. Gewitterschwüle und Wolken am Himmel (nicht bildlich ge-
532 2208 3437 2428 meint). Ueber Neuwaldegg, Hütteldorf, Kalksburg,Mauer - 40 Schillinge,da-
556 2352 3394 2508 von könnte eine Familie drei Tage leben. Manchmal möchte man schreien:
540 2521 3465 2653 Wach auf, nicht uns nicht so zugrund, - aber man schreit nicht einmal mehr.
538 2625 3399 2788 Um das vergaudete Geld ist vielleicht schad, aber um Herz und Seele, die
539 2764 2627 2931 zu Tode gemartet werden, noch mehr. Darum weine ich.
531 2889 3514 3074 1. Juni. Gestern Abend Kino (D-Zug 13). Nicht ungeschickt, aber langweilig.
542 3022 3387 3153 Nachher Prochaska. Dann Wurstelprater. Ich frage mich wieder, wozu? Nicht
540 3183 3465 3297 ein freundliches Wort, nicht ein Atom von Herzlichkeit. So schleicht man
542 3287 3417 3407 nebenain aber hin. Wir sprechen vom Fall Auspitz und von Verdauung, Diät,
536 3429 3406 3598 Rohkost und dann fährt man heim und er sagt Gute Nacht und ich antworte:
526 3519 1110 3673 "Schlaf gut".
532 3649 3616 3839 Heute Nachmittag wieder bei Dr.D. gewesen. Ich sagte ihm von der Ankunft der
536 3801 3305 3939 O. und dass ich für ein paar Tage fort will während sie hier ist, aus
527 3944 3498 4134 Rücksicht für A. und obwohl es ein Opfer für mich ist. Aber er solle doch
523 4073 3428 4216 mit Heini einmal sprechen und ihm sagen, dass man doch auch auf mich ein
3545 105 3684 230 180
