3782 4638
1855 305 3173 468 Karlsbad, 3.7.1930. Haus Osborn.
1718 467 3378 678 and is a letter of your letter. He has been
877 622 3530 778 soll es werden - ohne die bestimmte Absicht ihn vorläufig abzusen-
853 772 3401 880 den. Wenn man die entaprechenden Gebärden macht kommt man immer
1019 878 3250 1034 wurde ich nicht aufgeführt, wenn nur auch auch hieher gelangt.
1106 1010 3452 1180 Die Reise war recht grauslich, wir waren zu Fünft im Coupé
795 1172 3439 1327 gegen Schluss sogar sechs. Der Dicke mir gegenüber in Hemdärmeln,
2268 1255 2475 1343 kin
838 1309 3415 1454 stopfte sich ein Taschentuch unters Konk, um den Schweiss aufzu-
811 1394 3652 1535 fangen. Das Ehepaar sprach einendem Italienischen veurwandten Dialekt,
813 1566 3536 1697 z.B. "dupo tri" anstatt "doppo kxxxx le trei". Der Mann sass auch
832 1687 3489 1843 bald in Hemdärmeln da und xxx die Frau Öffnete hie und da ihr Ne-
803 1802 3455 1969 cessaire aus Krokodillederimitation, in dem es aussah, wie in einem
779 1964 3409 2083 Mittrügel und ausch sich das Gesicht mit einem auf-
810 2066 3335 2226 dringlich und minde r duftenden Parfum. Der dritte Fahngast in
834 2204 3359 2376 einem grelllila bedruckten Hemd wah nach Exverbrecher aus und
803 2333 3407 2504 antwortete auf die Fragen des Ehepaares in jüdelndem Deutsch mit
808 2450 3369 2613 amerikanischer Aussprache, dass er aus Oesterreich stamme und in
825 2614 3275 2737 NewYork lebe. Ich rührte mich nicht von meinem Fensterplatz,
795 2710 3399 2872 nährte mich von dem mitgebrachten Schinken und kaufte mir in Ma-
777 2872 2573 3017 rienbad zwei Oblaten um vier Czechenkronen.
1263 2988 3477 3146 Der Fensterplatz, der übrigens auf der Anweisung in der
821 3114 3443 3297 Fahrtrichtung angegeben wurde, xxx war und blieb gegen die Fahrt-
775 3229 3428 3392 richtung. Für empfindlichere Leute als ich es bin recht peinlich.
789 3383 3406 3514 Ich gedenke es dem Beschwerdebuch der Neuen Freien Presse mitzu-
775 3523 1136 3656 teilen.
1259 3650 3468 3774 Hier grosser Zollrummel am Bahnhof, nur um einen aufzu-
821 3778 3518 3924 halten. Ich bin so erschöpft, dass mir Karlsbad bei der Ankunft kei-
791 3914 3439 4059 nerlei Eindruck macht. Ueber Autospesen und Zimmer habe ich schon
791 4033 3400 4214 berichtet. Jetzt habe ich ein Zimmer in der Art wie das im Hotel
777 4165 3443 4310 Regina. Die Grösse dürfte stimmen. Es ist heller, aber etwas unmo-
785 4290 3517 4478 derner möbliert. Plüschmöbel, Kasten und Kommode wohl aus den 80iger
