3689 4694
2854 239 3192 419 9.9.27.
534 496 3334 612 Unaufrichtigkeiten aber würden - einmal aufgetaucht - zu einem bösen
548 625 1076 755 Ende führen.
1106 752 3427 910 Glaube mir, mein Liebes, dass ich diese Zeilen mit klopfen-
548 876 3309 1039 dem Herzen schreibe, aber ich muss Dir das alles sagen, denn Du musst
561 1018 3328 1151 wissen, ob Du mich genug liebst, um unsere Beziehung zu einer froheren
553 1168 3348 1288 und glücklicheren zu gestalten, oder D ob Du sie, trotz wiederkehrenden
547 1267 3365 1425 bösen Stunden, um der guten Stunde willen fortsetzen willst, oder - ob
1149 1368 1354 1450 Mich
541 1405 2501 1528 Du es vorziehst Dieh aus Deinem Leben zu weisen.
1104 1554 3190 1705 Ich werde sicher Dich mit dem besten Willen für
535 1674 3236 1800 eine schönere Zukunft begrüssen. Aber dass dieser Wille ausreichen
541 1780 3390 1941 wird, kann ich Dir nicht versprechen. Du bist wohl so lieb diese Zeilen
1635 1895 1723 1966 81
541 1953 3355 2080 express zu beantworten, da sonst des Sonntags wegen kaum vor Mon-
538 2072 2743 2205 tag Früh, vielleicht auch erst am Dienstag hier wären.
1064 2177 2197 2334 Ich umarme Dich. Deine C.K.
3477 87 3567 283 56
