3690 4703
2849 371 3217 538 24.4.27.
578 553 2291 719 nisvolle Seele zu finden. Ich antwortete nun
2491 559 3410 735 er, ich verstehe das gar
566 738 3372 846 nicht und sie solle sich doch an Dich wenden, aber sie meinte, sie will
564 841 3398 992 Dich nicht aufregen, Du ärgerst Dich so schon genug über die O. und es
576 975 3410 1116 nütze ja nichts, denn Du bist doch viel zu schwach ihr gegenüber. Wenn
562 1109 3290 1227 es aber so bleibe, dann gehe sie, denn sie mag in keinem Haus sein, in
601 1220 1361 1370 dem eine Frau ist.
1114 1316 3281 1496 Wie mir zumute war und ist brauche ich Dir wohl nicht
553 1498 3370 1603 erst zu sagen. Du kannst Dir meine Empfindungen vorstellen. Ich hätte
551 1625 3396 1758 Dir gerne diese Mitteilungen erspart, aber erstens wäre es unaufrichtig
548 1731 3353 1869 sie für mich zu behalten und zweitens musst Du endlich einsehen, dass
561 1882 3403 2035 etwas zungeschehen hat. Gut, Du kannst ihr nicht den Aufenthalt in Wien
567 2006 3321 2156 verbieten. Du sollst ihr ja auch nicht die Besuche bei ihrer Tochter
556 2154 3320 2308 untersagen, aber Du kannst ihr doch energisch erklären: "Komm zu Dei-
550 2271 3275 2434 ner Tochter so oft Du willst, ich - mein Haus, meine Wirtschaft gehen
529 2386 3376 2534 Dich nichts an. Wenn ich die Intervention einer Frau brauche, so steht
537 2508 2865 2673 mir eine andere näher, im übrigen ist ja Frau Kl. dazu da.
1079 2646 3253 2807 Du siehst doch selbst, dass u. sich heute Dinge traut,
539 2800 3219 2908 die sie in all den Jahren nicht gewagt hat und dass sie das Gefühl
528 2912 3249 3080 haben muss sich trauen zu dürfen. Ist aber ihr Verhalten für
533 3046 3198 3199 Frau Kl. verletzend, was ist es dann erst für mich? Fühlst Du denn
540 3166 3338 3307 nicht, Du grosser Menschenkenner, was dieses Ignorieren meiner Existenz
528 3260 2697 3440 bedeutet, was sie damit ausdrücken und bezwecken will?
1066 3458 3037 3602 Hier wurde der Brief durch Besuche unterbrochen.
2398 3591 2779 3734 25.4.27.
1078 3693 3171 3850 Die Nacht war wieder nicht gut. Heute Früh kam Dein
518 3821 3196 3958 Brief vom 23. Du missverstehst mich sehr. Ich bin nicht so dumm zu
512 3962 3317 4090 glauben, dass man von seelischen Erschütterungen Gallenstein bekommt,
506 4072 3207 4257 dass sie aber meine Nerven zerrütten, Anfälle begünstigen und mein
499 4240 2657 4391 Allgemeinbefinden schädigen, steht äusser jeder Frage.
