3771 4654
647 246 1252 415 Tgb. 4.5.1931.
646 455 2977 617 mit Schnittling essen kann, fühlt man sich nicht schlecht.
654 577 3427 742 Dr. D. sagte mir auch gestern "sein Verhalten gegen Sie hat mit seinem
642 710 3466 897 Gesundheitszustand nichts zu tun.“ Ich habe allerdings manchmal das
627 855 2181 1014 Gefühl, dass er nicht mehr normal ist.
630 982 3373 1132 Heute Vorm. Stadt. Nachmittag nach zwei Jahren Puthon bei mir. Wir
651 1140 3506 1283 plauschten zwei Stunden. Er hat eine Wärme und Herzlichkeit, die A. nie
639 1217 3378 1406 aufbringt. Ich erzählte A. natürlich, dass er da war, als er mich um 8
631 1380 3366 1504 Uhr anrief, nur um über Filmangelegenheiten zu referieren. Bin heute
640 1489 1757 1684 viel in der Sonne gewessen.
640 1614 3418 1774 5.5. Vorm. Stadt. Abends sollen wir zu "Bumberry" mit Adele Sandrock
641 1737 1288 1912 als Gast gehen.
661 1883 3483 2085 Abend. Stück recht anusamt, aber nachher - - Es wird immer qualvoller.
701 2050 3360 2214 5. Ich habe heute etwas Schreckliches getan. Ich gäbe viel darum,
682 2182 3479 2296 wenn ich es ungeschehen machen könnte. A. sagte gestern Abend wieder:
800 2274 3325 2437 Ih ruf erst Nachmittag an". In meinem Majestrauen ging ich um 10
671 2440 3409 2594 Uhr fort, die Türkenschanzstrasse hinunter. Von der Ecke aus sah ich
925 2562 3403 2714 kommen. Da es ist ist auch nicht auf denselben haben stehen. Ich warte fünf Minuten. Da
726 2684 3527 2840 sommt ein weibliches Wesen aus dem Haus, steigt ein, fährt fort. Ich kann
630 2823 3485 2954 aus der Entfernung ihre Züge nicht sehen, aber ich weiss nicht mehr, was
623 2938 3512 3128 ich tue. Ich läute an seiner Türe. Trotzdem Minna meint, der Herr Doktor
622 3063 3358 3219 sei noch nicht angekleidet, verlange ich zu ihm. Er empfängt mich im
608 3181 3352 3354 Schlafrock über dem Nachthend, da ich dicht hinter Minna sein Zimmer
611 3331 3269 3501 betrete. Verlegen-erstauntes Gesicht: "Du? Wieno?" - Ich sage nur:
3279 3436 3294 3555 de
659 3456 3441 3663 "Ich möchte nur wissen, wer die Person ist, die Dich eben verlassen hat"
621 3564 2303 3740 und breche zusammen. Zwei Stunden Szenen.
603 3717 3309 3882 Ich habe mich zu tief erniedrigt, als dass er oder ich es vergessen
655 3872 3360 4048 könnten. Er schwor bei allem, was ihm heilig ist, "die Masseurin" und
604 3971 3455 4137 sie habe sich das Auto kommen lassen, um in einen andern Bezirk zu fah-
610 4122 3476 4317 ren. Ich sagte, ich weiss, daß ich mich unwürdig benommen habe, dass ich
3565 88 3639 231 16
