3678 4686
552 268 1357 488 Tgb. November 1929.
565 485 3285 647 Zwischen dem 6. November und dem 20. Dezember fehlen die Tagebuchauf-
565 652 3415 770 zeichnungen. Ich bemerke am 20.12.: "Ich habe wochenlang nicht einge-
569 768 3408 916 schrieben, meine innere Zerrissenheit zu gross." Ich kann mich an diese
560 902 3267 1021 Wochen heute (10.7.1933) nicht mehr erinnern, nur ist es sicher, dass
564 1039 3303 1186 physische und psychische Veränderungen in A. sich bemerkbar machten,
564 1164 3238 1340 zu denen mir der Schlüssel fehlte. Umso mehr als Dr.D. damals noch
565 1307 3357 1444 den Ernst des Gesdundheitszustandes bei A. bestritt. Jedesfalls dürf-
567 1421 3388 1565 te in jenen Wochen auch meine erste Begegnung mit Frau Cl. stattgefun-
558 1598 3274 1710 den haben. Es war ein Abend, zu demGéraldy, Hofrätin Zuckerkandl, Frau
547 1667 3220 1843 C 1. und ihr Gatte gebeten waren. Mein erster Eindruck von Frau Cl.
536 1823 3447 1952 war der einer frischen, unbeträchtlichen, aber keineswegs unsympathischen
556 1963 3227 2100 Frau, so dass ich mich auf der neimfahrt zu Hofrätin Z. und Géraldy
563 2085 3234 2218 etwa so äusserte, - das ist eine nette, reinlich aussehende Frau. Ich
537 2247 3330 2340 mag mich aber auch in meinem Unterbewusstsein gegen den Verdacht ge-
565 2360 3401 2457 wehrt haben, dass ich auf die neue Uebersetzerin, resp. auf ihre Arbeit,
559 2455 3247 2588 eifersüchtig bin. Wie oft ich sie dann und bei welcher Gelegenheit
555 2598 3430 2715 bis zu meinem Erscheinen in meinem Haus am xxxxx 14.2. 1930 sprach,
568 2734 3439 2907 ist meinem Gedächtnis völlig entschwunden. Jedenfalls habe ich sie wie-
556 2849 3151 2984 derholt im Zuschauerraum gesehen, wenn ich mit A. im Theater war.
