3702 4718
2849 306 3212 493 9.10.28.
853 599 3292 711 Ich eile zum Schluss, denn Grossmama Stross erwartet mich um
692 691 1942 816 5 Uhr beim Zuckerbäcker Sluka.
847 801 3325 951 Ich freue mich, dass sich die Filmmenschen bereits gestern ge-
698 983 3336 1122 stern gemeldet haben. Hoffentlich kommt etwas Gutes zustande. Ich
696 1097 1781 1225 wünsche es Dir vom Herzen.
1200 1209 2226 1385 Ich umarme Dich herzlich
1427 1346 1887 1478 Deine C.K.
676 1610 2864 1746 Bertha Z. hat mich für Sonntag Nachmittag eingeladen.
3414 83 3548 225 15.
