3770 4718
2063 258 3132 385 Am Bord der Stella d'Itali
2046 358 3335 505 Constantinopel, 22.4.1928.Nachm.
588 513 3380 697 Liebstes, das Wetter ist gleich nach meiner letzten Karte wieder ganz
570 679 3366 821 schön geworden; wir machten uns um 10 Uhr Früh auf die Wanderung. Zu-
559 850 3398 951 erst zu Fuss über die grosse Galata-Brücke (ganz nah davon,am Galata¬
566 967 3409 1084 kai, hielt unser Schiff, so dass wir direkt ohne Ausbooten ans Land kom-
560 1068 3421 1195 men nach Stambul, dem eigentlichen Constantinopel durch grösstenteils
1429 1183 1531 1259 A 68
559 1181 3417 1346 ärmliche Gassen zur gna Sofia der grossartigen Moschee, - die vor Jahr-
561 1346 3451 1490 hunderten als Kirche ihre fromme Laufbahn begann. - Aus religiösen Grün-
563 1490 3336 1623 den muss man vor Eintritt über die Schuhe Schlapfen ziehen, die einen
611 1598 3362 1711 natürlich jeden Moment heruntergleiten, was sich Allah übrigens ruhig
600 1698 3336 1843 gefallen lässt. Der Raum in seiner ungeheuren Ausdehnung rhythmisch
657 1829 738 1906 ge
555 1880 3254 2016 zargliedert, mit hundert Teppichen bedeckt, blauer Mosaik die Säulen
608 1970 3374 2111 bis in die Höhe, - durch die Fenster Blick aufs Meer, wirkt sehr stark.
569 2120 3297 2248 Wir nahmen uns einen Wagen, fuhren ins armenische Viertel, jämmerlich
570 2261 3464 2379 vermorschte Holzhäuser, doch vielfach mit zierlichen Balkonen und Holz-
559 2383 3295 2516 schnitzereien; - an den uralten Stadtmauer entlang, altes Schloss aus
552 2503 3248 2638 der Venezianer Zeit mit den üblichen für künftige Kinogeschlechter
554 2641 3411 2789 bestimmten Kerkern und Enthauptungskammern, - dann ein Viertelstündchen
559 2773 3449 2910 in den Bazar, von dem wir vorläufig nichts sahen als einen tunellarti-
573 2924 3371 3038 gen langen Bogengang mit Trödelgeschäften zu beiden Seiten und rechts
568 3023 3404 3179 und links abgehende verdämmernde Strassen, in denen die kostbaren Dinge
2093 3133 2233 3210 her
567 3178 3238 3322 sein sollen.- Dann noch eine Moschee, zufällig, in der wir sogar
566 3271 3240 3395 (nicht ohne Schlapfen) dem Mittagsgottesdienst beiwohnten. Vorher
563 3420 3300 3569 waschen sich die Beter in dem Brunnen im Hof die Hände und
556 3539 3450 3693 beinah die Füsse,- wenn man den daneben wartenden Schuhen glauben darf.
543 3690 3518 3786 Dann fuhren wir an den Quar zu unzern Schiff zurück. Die Wagen sind auf-
559 3831 3442 3981 fallend billig und die Kutscher, sowie sonstige Trinkgeldnehmer anschei-
552 3961 3318 4057 nend ehrlich, - wie man sich überhaupt hier sofort im Gegensatz zu der
565 4097 3519 4243 problematischen griechischen Atmosphäre - sicher und fast zuhause fühlt.-
544 4222 3280 4322 Die Kinder schlummern; - wir waren gestern noch von dem Bankdirektor
3514 109 3645 281 100
