3755 4658
2497 264 3274 422 12.11.1930. Bl.2.
655 485 2354 639 "Herr? Doktor haben Sie zu essen?" geplant.
625 605 3284 755 Mein Mittelfinger rechts benimmt sich immer obstinater, im übrigen
623 754 3250 896 leidliches Befinden. In den nächsten Tagen will ich Feilchenfeld,
621 866 3466 1021 Wiegler,Krell, Fulda,Kerr, eventuell Hegewald, Viki, Mimi,Horch etc. spre-
626 992 3424 1148 chen. Auch zu Patry will ich gehen, um eventuell den Kakadu für Stadt-
622 1178 3463 1299 theater zu lancieren. Paul Goldmann bin ich begegnet - seine Tochter -
629 1255 3435 1391 hat in Stolpe die Eboli geshielt, - u.zw. mit Legal als Philipp. Legal
637 1418 3362 1545 ist jetzt Direktor des Stadttheaters (Heinis Chef) - und - gastiert
632 1544 2634 1676 zuweilen - nur "im geheimen" - in kleinen Nestern.
623 1676 3440 1823 Am Sonntag werde ich telefonieren, wenn es Dir recht ist. Bis dahin
640 1790 3442 1906 wirst Du noch etliche Male von mir gehört haben - und ich hoffentlich
637 1941 1182 2081 auch von Dir.
628 2045 2840 2165 Lebwohl, mein Liebes, und sei in aller Innigkeit umarmt.
1662 2200 1996 2342 Dein A.
1805 2390 2031 2515 - -
3497 109 3638 253 114
