3771 4723
1577 248 1867 420 Tagebu
761 278 1193 430 (25.12.193)
747 449 3474 613 zu verstehen war, dass wir ihn allein zusammen verbringen würden. Ich
745 614 3397 749 gestehe, ich hatte mir von dieser Feier einen wärmeren Beginn des
734 698 3366 874 neuen Jahres erhofft oder wenigstens einen stimmungsvolleren. Er
753 860 3398 990 sagte, auf mein erstauntes Gesicht hin: "Bist Du nicht einverstan-
736 995 3439 1131 den?" Ich antwortete: "Gewiss, sehr einverstanden". Daraufhin blieb
755 1119 3400 1267 er blass und stumm und jeder Versuch ein harmloses Gespräch anzu-
753 1272 1746 1427 knüpfen blieb erfolglos.
756 1394 3285 1519 Zu Hause (ich war zu Tisch bei ihm) stellte er mich zur Rede.
753 1512 3452 1659 Ich antwortete, er könne mir doch keinen Vorwurf daraus machen, dass
751 1625 3358 1798 ich im Augenblick erstaunt gewesen sei, da ich irriger Weise nach
756 1782 3323 1927 unserer Besprechung mir einen andern Sylvesterabend vorgestellt
755 1921 3496 2055 hatte. Das sei ja sicher sehr dumm von mir gewesen, aber keinesfalls
752 2048 3452 2161 ein Grund aus einem erstaunten Gesicht eine Affaire zu machen. Ich
760 2184 3405 2287 brach die ganz fruchtlose Debatte möglichst rasch ab. Es ist kein
759 2322 3407 2425 Zweifel, dass er jedem Alleinsein mit mir, jeder Möglichkeit unsere
755 2456 3437 2573 Beziehung erwärmen zu lassen, krampfhaft ausweicht. Ich werde jetzt
757 2569 3317 2698 dasselbe tun. Ob er physische oder psychische Gründe hat, weiss
766 2732 3325 2828 ich nicht. Er behauptete gestern wieder, er liebe mich um nichts
758 2836 3372 2983 weniger, es sei ein Versagen der "Libido", Nervenzustand. Wenn das
769 2956 3267 3065 wahr wäre; würde er sich vor Zärtlichkeiten nicht fürchten, es
756 3093 3285 3216 gibt doch auch eine Herzenszärtlichkeit, wenn eine andere nicht
755 3226 1563 3361 mehr vorhanden ist.
764 3368 3426 3505 26.12.1930. Vormittag bei Tante Klara, die etwas erkältet ist. Am
768 3467 3273 3643 Abend mit A. im Kino (Olympia), nachher auf meinen Wunsch jeder
756 3617 3453 3720 für sich nachhause. Ich sollte bei ihm nachtmahlen, aber ich lehnte
758 3769 3413 3876 sehr freundlich ab. Jetzt werde ich diesen Töte-à-têtes auswei-
766 3878 1007 3989 chen.
765 3948 3396 4091 27.12.1930. Zu Tisch Harry, Fredi. Am Abend mit A. bei "Elisabeth"
776 4100 3455 4264 von Brukner, die mich als Aufführung enttäuschte. Constantin unsym-
769 4215 3540 4388 pathisch in der Hauptrolle. Nachher Imperial. Beide sehr freundlich.
3520 136 3675 330 132
