3690 4670
2883 472 3249 609 11.9.25.
581 590 3198 759 grüsste mich und wir plauschten dann ziemlich viel zusammen. Er
556 724 3277 855 kam von Grado und stieg in Villach aus. Hier in Wien erwartete mich
636 875 3276 975 Carry an der Bahn und begleitete mich in die Pension. Ich habe mein
551 1008 3350 1131 früheres Zimmer und es ist gar nicht voll, 8 Zimmer im ganzen besetzt,
601 1145 3371 1260 so ein Schwindel! Von Carry erfuhr ich, dass Herry bereits ausgezogen
563 1257 3254 1404 sist und es sehr gut getroffen hat, wovon ich mich heute Nachmittag
566 1396 3185 1552 Überzeugte. Er hat ein sehr hübsches Zimmer in der Neustiftgasse,
561 1499 3270 1679 gleich beim Volkstheater bei einem verheirateten Engländer, früheren
554 1655 3454 1802 Reisemarschall (ich denke Kammerdiener) eines Erzherzogs.- Ich plauschte
527 1792 3445 1924 also ein wenig mit Carry, packte dann aus, legte mich eine Stunde nieder,
539 1935 3237 2062 mittagmahlte und arbeitete dann bis 1/2 8 Uhr an der Novelle. Dann
598 2054 3263 2192 kam mein Bruder Fredi und wir nachtmahlten im Türkenschanzpark, na¬
554 2180 3428 2344 türlich im Saal, denn die Kälte hier ist schrecklich. Gestern Donnerstag
552 2300 3300 2446 Vormittag in meiner Wohnung, Beratung mit Cary wegen der Einrichtung,
549 2421 3262 2569 Gespräch mit Frau Stransky etc. Dann bei Otto im Büreau,Rendez-vous
556 2566 3348 2716 mit Anna, mit der ich mich ungewöhnlich schlecht sprach. Ich habe das
539 2700 3259 2832 Gefühl, dass sie momentan einen besonders moralischen Koller hat und
536 2828 3292 2978 mir irgendetwas übel nimmt. Sie sagte natürlich nichts, aber in ihrer
532 2980 3288 3106 Art nicht zu fragen, lag die Stellungnahme. Ich glaube nicht, dass es
571 3081 3297 3219 eine Einbildung von mir ist, denn ich habe leider für solche Nuancen
540 3172 3454 3344 ein sehr feines Gefühl. Aber ich mache mir natürlich aus ihrem Verhaltung
523 3320 3419 3481 nicht das Geringste. Heute Vormittag wieder in der Wohnung. Unterredung
523 3482 3329 3612 mit Tapezierern. Dann in die Stadt, Antworten auf die Annonce abholen.
529 3593 3249 3763 Leider nur eine und die unbrauchbar. Nachmittag Briefe beantwortet,
534 3730 3279 3875 Handschuhe gewaschen, etc. Um 5 Uhr zu Harry, wo auch Fredi und später
504 3856 3299 4023 ein Baron Melingo waren. Das Wetter so schlecht, dass ich über meinem
564 4029 3385 4151 grauen Kostüm den Regenmantel an hatte und trotzdem vor Kälte zitter¬
529 4138 3079 4301 te. Es ist wie im November. Ob nochmal schönere Tage kommen?
