3742 4666
1645 181 1781 317 -2-
544 381 755 535 Tgb.
559 527 3418 698 Der Wille, die Macht jung zu sein liegt in meinem Wesen, in meinen Tem-
559 677 3346 816 perament. Ich muss mir oft sagen: Du hast erwachsene Söhne, mein Kind,
554 796 2579 931 empfinde doch nicht wie ein zwanzigjähriges Mädel.
2556 798 2608 971 de
548 938 3486 1071 Ich glaube nicht, dassich je eine Geschmacklosigkeit begehe. Viele Leute
524 1071 3329 1229 b ehaupten, dass es lächerlich ist, wenn ich nicht mehr tanzen will und
551 1171 3392 1372 immer von meinem Alter und meinen erwachsenen Söhnen spreche. Aber ich
553 1297 3505 1486 habe solche Angst, dass man sich über mich lustig machen und glauben könn-
538 1438 3463 1615 te, ich will mich jünger machen, weil ich immer gleich von meinen 25jähri-
1421 1542 1682 1630 Fremde
515 1560 3507 1727 gen Söhnen erzähle haben das schon oft für einen schlechten Witz
537 1708 1263 1836 von mir gehalten.
579 1856 3431 2042 Wir leben in einer so tollen Welt, dass viele Frauen, die älter sind als
579 1978 3488 2143 ich, in Tanzkurse und zu Tanztoeslaufen. Ich finde das schrecklich. Aber
531 2106 3424 2236 ich leugne nicht, dass ich manchmal auch Lust zu tanzen hätte und viel-
520 2230 3474 2419 leicht besser und schöner tanzen würde als manche. Aber in meinem Herzen
523 2351 2948 2484 jung zu sein, dessen brauche ich mich doch nicht zu schämen.
522 2503 3499 2670 Heute ist eigentlich der erste warme Frühlingstag und schon fühle ich, wie
555 2622 3422 2783 die Erstarrung der letzten Zeit von mir abfällt und meine Lebenskräfte
525 2736 1126 2888 sich steigern.
514 2848 3440 3030 Ich freue mich, dass ich noch fühlen kann und lieben. Ich freuen mich dass
549 2985 3392 3188 ich geliebt werde. Ich freue mich, dass meine Kinder schön um wohlgera-
510 3136 3448 3330 ten sind und dass wir gut zueinander stehen. Ich freue mich, dass A. mein
501 3287 3376 3448 Freund ist. Ich freue mich, dass die Sonne scheint und dass man endlich
490 3393 1422 3564 nichtmehr heizen muss.
492 3531 3382 3703 Dass ich einen Ring verschleudern musste, um ein paar Rechnungen zu zah-
490 3675 3364 3825 len, und ein paar "wichtige" Dinge, Seidenstrümpfe etc. für mich. Anzug für
480 3797 3409 3947 Kary u. s. w. anzuschaffen, spielt gar keine Rolle, weil die Sonne scheint.
481 3927 3383 4074 Eben hat mich A. angerufen, um mir zu sagen, dass die "Beatrice" noch in
474 4038 3360 4245 diesem Frühjahr in der Burg zur Aufführung kommt. Ich bin sehr froh da-
483 4179 3453 4400 rüber, denn ich liebe dieses Stück sehr. Aber ich weiss nicht, wer die Bea-
479 4312 1803 4476 trice spielen wird,spielen kann.
478 4411 2190 4590 Vielleicht könnte es die Elisabeth Berner,
3520 107 3646 284 54
