3787 4718
2324 282 3053 418 8.10.1928 Berlin,
2272 354 2962 521 Hotel Esphanade.
760 549 3456 691 Liebste, ich bin xxx nun in einem sehr angenehmen Zimmer unterge-
727 707 3569 819 bracht, geräumig, Bad, und mit Blick in den Garten, so ruhig als man sichs
758 826 3526 978 nur wünschen kann. Der gestrige Tag stand noch unter dem Zeichen der
719 933 3532 1050 abgelaufenen Reise; ganz ohne Kopfweh und allerlei Uebelbefinden geht
718 1083 3528 1211 es doch nicht ab. Einzelne Leute sprach ich telefonisch, so vor allem
727 1207 3438 1383 den Heblywood-Teplitzer Filmann; der es einigermassen dringend
715 1356 3412 1501 zu haben scheint; ich esse morgen mittag mit ihm, Biro und Bernann-
713 1446 3329 1632 Höllriegel. Gestern Abend speiste ich mit Heini bei 0.; - las mein
688 1631 3438 1754 Stück; die Wirkung war im Anfang stärker als im 2. und 3.Akt, wo die
716 1755 3403 1880 Langen auffallend waren (auch für mich, resp. für aich besonders); -
712 1844 3391 1998 das 9.(letzte) Bild wurde als unerlässlich empfunden. Da Heini nur
706 1978 3360 2130 den gestrigen Abend frei hatte (die ganze Woche spielt er, und ich
719 2132 3423 2271 seh ihn vorläufig Dienstag (Calcutta), Mittwoch (ein besserer herr),
706 2259 3282 2390 Donnerstag (Oedipus),zog ich es vor trotz einiger Müdigkeit das
742 2364 3442 2516 Stück schon gestern zu lesen; - die Zusammendrängungen und die Aus-
717 2500 3347 2630 führung der letzten Scene 3. Bild werde ich dieser Tage machen und
709 2630 3193 2805 hoffe das Manuscript Ende der Woche in Druck geben zu können.
715 2769 3391 2953 Soeben wollte mich jemand von dem neuen Ullsteinblatt Tempo inter-
697 2911 2225 3049 ve viewen, aber ich empfing ihn nicht.
716 3025 3346 3175 Jetzt geh ich zu Dora, wo ich au Mittag esse. Morgen Früh habe ich
708 3170 3587 3308 jedenfalls Nachricht von Dir,- wie sehr ich wünsche, dass es gute wären,
711 3302 3401 3427 fühlst Du hoffentlich besser als ich es zu sagen vermag. Die Unzu¬
683 3448 3469 3582 1 änglichkeiten aller Worte empfinde ich schwerer mit jedem Tag - und
704 3573 3469 3696 ich muss mich drauf verlassen, dass Du weisst, Liebst, endlich weinst! -
706 3673 2660 3831 Ichsumarme Dich mit aller Zärtlichkeit. Dein A.
1752 3836 1984 3934 - - -
3569 108 3692 278 150
