3787 4698
2386 234 3164 410 27.4.1926 Bl.2.
768 474 3440 632 Cintra-Ausflug ziemlich verregnet wurde; - immerhin hatten wir die
761 597 3375 782 Möglichkeit in dem schönen Park von Monserrato herumzuspazieren,
786 736 3348 896 Nachmittag aber fuhren wir nach Lissabon zurück, - und da es sich
774 843 3352 1005 gegen Abend aufhellte, unternahmen wir eine Spazierfahrt mit Be-
792 977 3472 1134 sichtigung eines köstlichen Kreuzgangs (den ich auch vor 12 Jahren
790 1110 3435 1281 bewundert hatte). Den gestrigen Vormittag verbrachte ich mit ver-
1663 1236 2136 1315 definities
799 1236 3479 1409 geblichen Versuchen xxx über die Heimreise zu erfahren
797 1392 3395 1532 resp. die Angelegenheit zu erledigen. Also übermorgen 29. kommen
792 1516 3361 1685 wir in Las Palmas an. Dort haben wir ein Schiff (englisch) am 1.
790 1669 3285 1810 Mai nach Madeira, wo wir am 3. anlangen. Von Madeira geht am 7.
799 1766 3381 1934 der Dampfer Sierra Cordobba Norddeutscher Lloyd nach Bremen ab; -
799 1907 3367 2053 aber im Bureau der N.L. konnte man mir so wenig sichere Billets
805 2009 3529 2192 zusagen als in Wien; - ich hoffe in Las Palmas ein Telegramm zu fin-
803 2174 3336 2324 den. Ich war ferner in Lisaabon beim holländischenLloyd - ein
793 2287 3489 2447 Dampfer dieser Gesellschaft geht am 8. von Las Palmas nach Amezer-
813 2454 3513 2586 dam ab - aber auch diese Leute konnten nichts sicheres versprechen:
808 2592 3337 2701 erst in L.P. beim Eintreffen des Schiffs aus Südamerika könne
811 2689 3299 2849 man sicheres wissen. So hoffen wir denn auf den Norddeutschen
811 2795 3305 2966 Lloyd (schon um nicht 8 Tage in Las Palmas sitzen zu müssen).
815 2948 3546 3084 Schlimmmsten (sehr schlimmsten) Fall können wir einen portugisiechen
814 3062 3463 3215 Dampfer bis Lissabon haben und dort bekommen wir (wird behapptet)
822 3223 3318 3357 jedesfalls Plätze nach Bremen oder Hamburg. Eventuell käme ein
833 3330 3426 3521 englischen Schiff nach Southampton in Betracht. Das unangenehme,
834 3470 3649 3643 dass man absolut nirgends über die Fahrpläne all dieser Verbindungs,
831 3612 3417 3762 Auskunft haben kann. Nur die gro sen Linien (Norddeutscher Lloyd
834 3742 3437 3875 etc.) sind feststehend - oder wenigstens erreichbar hinsichtlich
834 3900 1310 4039 Termin etc.
841 3925 3604 4151 Aber wie überholt wird all das schon sein, wenn dieser Brief in Deine
832 4122 3470 4295 Hände gelangt. Von Das Palmas aus werde ich Dir wohl telegraphie-
829 4254 1843 4420 ren, ev. von Madeira aus.
3489 88 3653 279 276
