3678 4691
614 385 1171 575 Marienbad 3.S.
620 546 3279 695 Abends. Nach einer wundervollen Liebesstunde noch in meinen Armen
631 711 3404 868 sagt er: "Irgend etwas in unserer Beziehung stimmt nicht,- wir dürfen
633 846 3329 975 in Wien nicht zu viel zusammen sein." (Ich weiss nicht was er will,
615 956 3388 1106 offenbar hat er Angst wieder physisch abhängig zu werden, "hörig", wie
625 1082 3220 1234 er das nennt.) Ich spiele die Gleichgültige. Ich sage: "Ich lege
626 1212 3271 1388 gar keinen solchen Wert mehr darauf und übrigens hätte ich es ihm
623 1365 3265 1516 nie übel genommen, wenn er allein oder mit Anderen sein wollte und
627 1497 2374 1630 ich selbst wolle heuer viel mondäner leben.
618 1591 1866 1764 Er: Und ich viel einsamer.- -
613 1754 3337 1900 Ich Ich werde dich dabei nicht stören und wenn du schon im Oktober
851 1900 2885 2019 nach Berlin fahren willst, so ist es mir auch egal.
590 1996 770 2126 Er:
851 2010 3329 2157 Ich habe nicht das geringste Bedürfnis. Aber du darfst es mir
853 2153 3293 2298 auch nicht übel nehmen, wenn ich Leute einlade und dich nicht
846 2271 2312 2388 dazu. (Um das geht es ihm offenbar.)
582 2387 802 2548 Ich:
849 2419 3370 2580 Wenn du Menschen einladest, die ich kenne, dann werde ich es im-
852 2534 3320 2685 mer taktlos finden, wenn du mich nicht dazu bittest. Aber wenn
850 2666 3370 2791 es dich glücklich macht, - dann tu es nur, ich werde mich nicht
853 2793 3353 2964 kränken. Du vergisst, dass ich mir diese Leute auch selber ein-
842 2908 3448 3079 laden kann und dass sich auch in mir manches geändert hat. (Lei-
841 3018 1425 3168 der zu wenig.)
600 3184 2375 3330 Er: Das heisst, du liebst mich weniger - -
600 3304 802 3443 Ich:
841 3306 1756 3444 Ja! (Wär's nur wahr!)
601 3445 772 3591 Er:
836 3425 2604 3608 (verlegen lachend) Nun, das ist ja sehr gut.
843 3553 3283 3724 Ich erhebe mich, gehe zur Türe, sende ihm von dort gleichfalls
832 3714 3311 3844 lachend den modernen Gruss: "Freundschaft!" mit der erhobenen
831 3836 1082 3951 Hand.
585 3914 853 4106 Er:
830 3936 1776 4100 Sei nicht so dämonisch!
596 4096 3477 4233 Ich: Das nennst du schon dämonisch -? Ich nenne es anders. (Ab in mein
595 4188 3304 4296 Zimmer. Dies das Ende eines Schäferstündchens.- Später ins Kino, sehr
599 4256 3294 4396 hübscher Film: "Frau Irenens Scheidung " mit Brigitte Helm. A. mög-
587 4324 1405 4431 lichst kühl. - -
