3742 4771
1927 304 3009 479 Baden-Baden, 2. August 1923.
571 495 3318 670 Erst heute, Liebster, erreichten mich Deine Expresszeilen vom 30. Die
532 660 3393 788 Pust ist unwahrscheinlich schlecht und ich hoffe nuradass Du indess in
539 790 3310 947 den Besitz meiner beiden Briefe von Sonntag und Montag gelangt bist.
567 935 3313 1049 Denk Dir mein Bruder Fredi kam gestern mich besuchen und bleibt bis
546 1027 3374 1191 morgen Früh. Es tut so wohl wieder ein bischen sprechen zu können und
517 1220 3271 1315 nicht ganz allein zu sein. Er ist in Griesbach, ein paar Stunden von
528 1301 3378 1472 hier im Schwarzwald (ich glaube wegen eines Mäuchens) und kam herüber,
573 1422 3451 1557 um nach mir zu sehen. Sehr lieb eigentlich. Ich bin wirklich sehr froh,
534 1565 3312 1679 dass er da ist, denn sonst würde ich noch mehr an Dich denken und ich
531 1711 3306 1851 kann nicht leugnen, dass ich mit einiger Ungeduld auf Dich warte. Ich
541 1825 3352 1975 weiss, es wäre klüger, das nicht zu sagen, aber ich bin nicht immer klug
535 1972 1805 2132 und schon gar nicht berechnend.
1095 2108 3308 2243 Ich verstehe eigentlich nicht, warum Du drei Tage in S.
531 2211 3370 2367 bleibst. Die Verbindung hieher war im Vorjahr eine sehr gute. Um 7 Uhr
531 2386 3367 2525 Früh ab Salzburg, um 10 Uhr in Mündchen, um 12 Uhr ab München, gegen 8 Uhr
524 2481 1169 2651 an Baden-Baßen.
536 2602 3385 2768 Wenn ich nichts anderes mehr von Dir höre, erwarte ich Dich am Mittwoch
562 2734 3380 2901 Vormittag ab 10 Uhr im Sanatorium selbst, ersten Stock, Nummer 14. (Aber
514 2883 3286 3019 ich hoffe, es wird schon einen Tag früher sein). Eine Verabredung im
537 3011 3352 3147 Freien schon heute zu treffen ist zu schwer und überhaupt nicht rat-
574 3161 3325 3275 sam, da man nicht wissen kann, wie das Wetter sich gestaltet. Und je-
528 3271 3246 3431 denfalls bin ich jeden Abend von 18 Uhr telefonisch an erreichbar
529 3386 3258 3522 und Vormittag von 19 bis 10. Man holt mich mit dem Luft zum Telefon
1051 3494 1311 3583 Nummer
530 3539 3362 3684 hinunter. Unsere ist 138. Hier im Hause ist von Bekannten nur die alte
523 3695 3380 3840 Feinberg. Aber selbst, wenn sie sieht, dass Du mich besuchst, so ist das
533 3785 3309 3963 mir wenigstens ganz egal. Und wenn Du willst gehen wir dann gleich
531 3938 3210 4070 in den Wald, der hinter dem Hause liegt und der wundervoll schön und
528 4059 3371 4180 still ist, geradezu ein Märchenwald. - Und nun sage ich Dir nur auf Wie-
527 4141 927 4364 dersehen.
609 4350 3336 4503 Meine "hochmütigen" Hände sehnen sich sehr die Weinen zu streicheln
582 4477 1863 4603 und ich küsse Dich in Gedanken.
1307 4624 2173 4735 Deine Clara Katharina
3501 107 3582 263 47
