3771 4654
671 287 1273 456 T gb. 4.4.1931.
698 403 3262 552 ging, üchlaflose Nacht, Fuss stark geschwollen, Temp. 37.7. A. mit
716 554 3472 711 Familie Clauser nach Thalheim. Ich habe ihm mein Befinden verschwie-
689 687 3294 819 gen, damit er sich nicht bemüssigt fühlt zurück zu bleiben. Anna,
683 810 1701 978 Emmy Nachmittag bei mir.
679 951 3418 1080 6.4. Tagsüber zu Bett. Fuss besser, Temp.37.5,Gottlob mehr als Carry,
691 1041 3378 1199 der weit 2 Tagen nur 37.1 hat. Abend Auseinandersetzung mit A., dem
692 1182 3420 1332 ich schliesslich die Aussprüche Friedas erzählte und der sie natür-
692 1317 2216 1466 lich verleugnet. Was nützt das alles.
694 1457 3430 1612 7.4. Carry geht es sehr gut. War bei ihm, wenn auch humpelnd. Abend
697 1585 1471 1772 kurzer Besuch A.'s
700 1741 3466 1906 8.4. Mit A. im Kino "Chaplin", Lichter der Großstadt", dann bei Meisl
676 1890 3373 2014 genachtmahlt. A. wieder mehr kühl. Bei Carry, dem es sehr gut geht.
692 2005 3383 2130 9.4. Vormittag Stadt, da ich nicht mehr zum Anziehen habe und doch
701 2123 3378 2264 einmal Frühling werden wird. Vorläufig unentwegt Kälte. Nachmittag
692 2251 3427 2438 1½ Stunden Frieda diktiert, kein Wort über A. gesprochen. Dann Tante
703 2410 3026 2530 Clara. Abend A. ganz kurz, ehe er zu Louis Friedmann ging.
678 2523 3354 2654 10.4. Vorm. mit A. in der Stadt, dann wegen Umtausch der Lampe, die
701 2608 3391 2775 ich ihm zu Ostern geschenkt habe und die nicht seinen Beifall hat.
900 2745 1052 2819 mit
690 2787 3143 2925 Dann ihm bei Carry, dem ich gottlob täglich besser geht.
708 2902 3457 3032 12.4. Mittag bei Carry. Abend mit A. bei "Die Million" (übertriebener
688 3064 3427 3190 Erfolg dieses Films. Dann zum Nachtmahl bei A. Sehr öd, aber ich sag
700 3147 3394 3290 nichts mehr. Das Mitleid wegen Carty ist Gottlob vorbei und so ist
697 3290 3387 3438 eben weniger da. Abends mit Frau Clauser im "Bauerngeneral", zu dem
749 3437 3536 3565 sie uns eingeladen hatte. Gute Vorstellung, hübsche Musik von Strauss,
678 3564 3461 3723 Rita Georg und Marischka famos. Dann im Imperial soupiert. Immer hat
700 3701 2936 3831 sie xxx Herzzustände, wenn sie mit uns zusammen ist.
698 3832 3357 3974 11.4. Carry liess mich heute bitten nicht zu kommen, da mehr viele
697 3959 3284 4076 Besuche angezagt sind. Vorm. Stadt, wegen meines Fusses recht be-
696 4045 3311 4200 schwerlich. Abend mit A. Kino "Marokko" mit Marlene Dietrich und
3569 105 3676 245 67
