3759 4658
1917 511 3330 627 18.10.1925. Berlin, Hotel Esplanade
1922 566 2844 691 (nach Wien, Peregring.)
717 644 3284 806 Mein Liebes, gestern schrieb ich nicht und so habe ich auch noch
734 780 3407 959 die Chronik von Freitag nachzutragen. Der Tag fängt immer ziemlich
715 938 3305 1066 spät an - ich komm spüt in Bett und da ich wie immer auf Reisen
695 1054 3387 1216 Wasser und länger schlafe, und des Morgens allerlei telefonische Ge-
701 1166 3306 1373 spräche zu absolvieren sind, komm ich vor 11 kaum aus dem Hotel
667 1283 3269 1460 (dazu noch meine Dir bekannte Trödeleil!) - Also Freitag zuerst
663 1453 3218 1581 in der Bank bei Dir. Fei.; ausführliches finanzielles Gespräch
642 1559 3278 1718 und, im Anschluss daran über Filmangelegenheiten, die ihn besonders
648 1696 3332 1869 interessierten, da erürzlich an einen dieser Kino-Gauner eine grosse
641 1840 3487 2003 Summe Geld eingebüsst hat. (Ich habe hier meine Filmsache mit Dr. Brandt
639 1967 3303 2148 telefonisch erledigt; - da er (im Namen seiner Gesellschaft) meine
671 2101 3401 2271 Forderung indiskutabel fand. (So ersparte ich wenigstens das Disku¬
673 2228 3245 2399 tieren). - Dann nach Dahlen zu Fulda; über Berliner und sonstige
595 2346 3301 2574 deutsche Theaterverhältnisse. (Er fährt Dienstag zugleich mit mir
622 2484 3234 2669 nach Wien). - Durch schöne Villenstrassen zu Michaelis, wo ich mit
619 2613 3272 2786 Mirjam B.-H. zu Mittag ass (Mittag - 14). Ins Hotel; abends Char¬
618 2728 3249 2933 lottenburger Oper Don Pasquale, mit Michaelis! - Reizende Auffüh¬
653 2891 3207 3052 rung, mit der Bruno Walther einen ungeheueren Erfolg gehabt hat.
615 3017 3292 3188 - Nachtmahl beim Austernmayer (Ton auf dem Mayer); - mit Heini und
603 3114 3291 3352 Frau Sussin (Frau Binder). - Klöpfer, der an einem andern Tisch mit
604 3269 3179 3465 Klabund (Kreidekreis) sass, kam herüber und gratulierte Heini; -
592 3405 3211 3580 ebenso Pallenberg,der an einem andern Ort mit Polgar und Stefan
640 3492 3355 3684 Grossmann sass.- Gestern Vormittag bei Hans Jacob,- über seine per¬
602 3667 3215 3816 sönlichen Verhältnisse; - Politisches aus Berlin; gerade am Abend
633 3794 3236 3969 vorher hatte Jacob mit einem Hakenkreuzler ein Rencontre im Kino
617 3909 3270 4097 gehabt; - dieses Völkchen, behauptet er, gebärdet sich seit Hinden¬
724 4042 3293 4230 burg unverschämter als je.- Dann zu Ullstein, wo ich Wiegler leider
667 4191 3323 4351 nicht antraf, nur mit seinem jugendlichen Vertreter sprach. Im Hotel:
