3771 4707
1583 338 1883 487 agebuch.
731 541 1223 690 Sommer 1924.
745 717 3433 841 würde um 5 oder 7 um 7 Uhr da sein, aber er war um ¼ schon zurück.
781 811 2831 969 Die kurze Trennung war sehr gut, liebevoller Abend -
732 944 3355 1075 31.8.Sehr schöner Vormittagspaziergang auf die Heimwehfluel, sehr
733 1088 3438 1233 anregende Gespräche über Erotik, Über alte Erlebnisse, Sandrock etc.
744 1226 2211 1357 manchesmal auch ein gutes Schweigen.
731 1308 3426 1457 1.9. Ausflug auf den Beatenberg. Schiff, Bergbahn, Auto, wundervolles
728 1490 3509 1607 Wetter, gute Stimmung, Champagner zum Lunch. Gespräch über Sterben und
728 1605 1416 1747 Seelenwanderung.
730 1735 3346 1891 Am Abend Müdigkeit, Depression bei A. Ich glaube, weil Verleger F.
731 1856 2722 1988 noch immer nicht antwortet. Es ist auch unerhört.
728 1989 3451 2180 2.9. Ich habe A. gesagt, dass ich unbedingt über Luzern fahren will,
726 2137 3490 2284 dort übernachten, dann nach Salzburg, wo ich um 11 Uhr Nachts eintref-
708 2268 3294 2411 fe und am nächsten Tag mit der kleinen Bahn nach Aussee hinüber
714 2392 3292 2547 und dass es nett wäre, wenn er mit bis Luzern mitkäme. Zu meinem
716 2519 3325 2658 Erstaunen hat er sofort Ja gesagt. Ich habe den Eindruck, dass er
707 2643 3440 2801 selbst schon daran dachte. - Regenwetter. Vormittag Friseur,Manikür,
712 2761 2391 2938 Einkäufe.Schöner Abend, sogar sehr schön.
706 2931 3206 3073 3.9. Brief von Lili - sie will mit ihrer Mutter nach Rom. Ich
710 3052 3354 3172 habe abgeredet die Zustimmung zu geben. A. ist derselben Ansicht.
706 3145 1949 3286 Netter Ausflug auf den Harder.
704 3285 3355 3452 A. macht mir den Vorschlag auch Sonntag noch mit ihm in Luzern zu
695 3419 3081 3566 bleiben, erst Montag abzureisen. Ich bin zu Tränen gerührt.
700 3568 3343 3696 4.9. Wie schön ist Luzern! Wundervoller Tag und Abend. Selbst der
695 3688 3352 3837 langweilige Film mit Henry Porten brachte uns nicht aus der Stim-
697 3807 926 3937 mung.
679 3944 3350 4086 5.9. Gemeinsames Frühstück in seinem Zimmer. Grosse Zärtlichkeit.
697 4044 1695 4222 Wir sind sehr glücklich.
682 4230 3305 4349 Gespräche Vormittag, am Spaziergang über Besetzung des Weiher,
3485 120 3633 288 jus
