3674 4694
2011 377 3030 547 Schloss Neudorf, 17.8.27.
474 395 1273 576 An A.S., Vampiglio.
483 554 906 757 Liebster,
898 716 3269 846 Dein Telegramm wurde gestern Abend ins Schloss telefoniert
505 857 3312 966 (das Original bringt immer erst die Post am nächsten Tag). Also meine
510 970 3353 1111 Ankunft wird erst am Montag gewünscht. Ich gestehe, dass mir das höchst
507 1129 3297 1261 peinlich und unangenehm ist. Du hast mir in Wien ausdrücklich gesagt,
505 1251 3238 1382 dass Du ab 18. frei bist undichökommen kann, wann ich will. Ich hatte
507 1358 3151 1483 nie die Absicht hier länger als eine Woche zu bleiben und als ich
498 1485 3280 1626 hier ankam und die Situation überblickte habe ich gleich gesagt, dass
502 1637 3235 1741 ich Freitag abreise und Dir auch in diesem Si an geschrieben. Ob Du
505 1766 3309 1890 meine drei nach Bolzano adressierten Briefe nicht erhalten oder ihren
510 1906 3235 2037 Inhalt nicht zur Kenntnis genommen hast, weiss ich nicht. Jedesfalls
505 2023 3199 2184 wird meine Abreise von Dir auf 4 Tage später festgesetzt. Ich habe
511 2166 3144 2326 Dir die Gründe, warum ich mich hier nicht sehr wohl fühle und wohl
508 2276 3276 2408 fühlen kann ziemlich angedeutet, aber es hat keinen Sinn mehr darüber
508 2433 3361 2554 zu schreiben. Wie ich Dir eben auch telegraphiore, werde ich wunschge-
502 2554 3273 2650 mäss Montag reisen, d.h. wenn das einzige Automobil, das im Umkreis zu
498 2695 3224 2801 haben ist, verfügbar sein sollte. Wenn nicht fahre ich nach Wien zu-
507 2824 3226 2966 rück, da ich weder hier um 5 Uhr aufstehen, noch irgendwo übernachten
502 2920 3163 3093 will. Wie zuwider mir diese Reise Neudorf-Graz-Bozen ist, kann ich
516 3086 3323 3182 gar nicht sagen. Ich habe nun einmal gegen das Alleinreisen eine aus-
505 3182 3230 3367 gesprochene Idiosynkrasie, die sicher mit meinem physischen Befinden
506 3334 3313 3458 und neinem Nervenzustand zusammenhängt und durch Uebertauchen keines-
516 3480 3299 3595 wegs gebessert wird. Und die Verbindung Neudorf-Bozen ist, wie man mir
494 3581 3240 3701 hier von selbst sagte, eine besonders unbequeme. Aber es hat keinen
500 3737 3353 3858 Zweck durch Debatten und Vorschläge die Situation auf diese Entfernung
506 3842 3171 3984 hin noch zu komplizieren. Ich bin auch sehr überrascht, dass Du im
506 3974 3299 4099 Stadthotel und nicht im Laufin wohnst, wo Du immer so zufrieden warst.
513 4132 3388 4232 Ich habe noch immer keinen Brief von Dir, obwohl der Wagen gestern zwei-
487 4281 3348 4400 mal in Wildon um Post war. Ich bitte Dich zu bedenken, dass ich in ei-
3505 108 3581 227 40
