3771 4694
609 367 2503 555 Im Grand Hotel in Gardone 3ten September 1927
609 463 1720 633 (In Arthurs Zimmer gelegt)
605 654 3394 823 Meine Hoffnung, dass doch in letzter Stunde, irgend ein erlösendes
613 770 3452 926 Wort von Deinen Lippen kommen, eine impulsive Herzlichkeit, mir den
599 882 3535 1078 Glauben an ein Gefühl geben - von dem ich höre, von den ich aber nichts
609 1034 3485 1180 bemerke, wiedergeben würde, ist entgiltig geschwunden und ich möchte da-
601 1169 3490 1333 her morgen wenn ich halbwegs reisefähig bin, nach Wien zurückkehren, da
612 1312 3524 1499 dieses Nebeneinander zu einer Qual geworden ist, der ich mich nicht län-
594 1414 1438 1546 ger gewachsen fühle.
590 1561 3480 1730 Deine klugen sachlichen Reden zur Vertheitigung deines Standpunktes wa-
582 1707 3410 1851 ren ganz ausgezeichnet geführt und ich werde mir in Wien alles ebenzu
585 1808 2873 1951 kühl sachlich, wunschgemäss durch den Kopf gehen lassen.
586 1919 3607 2130 In meiner inneren allgemeinen Auffassung (den speziellen Fall ausschluss
590 2102 3602 2256 send), wird sich nie und nimmer etwas ändern, aber ich werde die Situati-
583 2207 3513 2369 on verschstandesmässig erwägen und sehen, ob ich diese "Freundschaft " doch
587 2357 3477 2503 vielleicht heiter lächelnd hinnehmen kann, da ja solche Erschütterungen
570 2483 3467 2658 auch das eigene Wesen und die persönliche Einstellung zu ändern vermö-
573 2603 771 2727 gen.
576 2718 3464 2883 Sollte ich mich aber trotz allem meiner nicht sicher fühlen, dann werde
571 2857 3523 3056 ich Entschlüsse fassen und noch vor deiner Ankunft in Wien zur Durchfüh-
559 2969 3562 3155 rung bringen, die Rückzüge unmöglich machen. Vielleicht ist mir meine Woh-
561 3119 3138 3262 nung dazu behilflich, aber ich sehe auch andere Möglichkeiten.
557 3249 3491 3438 Jedsfalls muss dieses Thema für uns erledigt sein, da ich weder mir den
555 3328 3502 3533 Vorwurf machen möchte, deine Arbeitskraft zu hemmen, noch selbst an die-
558 3537 3552 3681 sen Scenen zu Grunde gehen will. - Meine ganze Schuld, wenn von einer sol-
2875 3627 3105 3722 Schult
553 3635 3508 3797 chen die Rede sein kann war Liebe, und inwie weit sie eine gewesen, wird
541 3735 1341 3895 die Zukunft lehren.
540 3904 3400 4108 Ich hoffe und wünsche dass du die unangenehmen Tage hier, - in Venedig
3525 120 3625 245 50
