3690 4694
2497 258 3508 412 Wien 16.3.1925.Hotel Reg.
645 267 1470 434 An A.S.nach Berlin.
643 421 1063 633 Liebster,
1020 576 3436 757 heute kam Deine Sonntagskarte und ich erwarte schon mit Un-
668 718 3390 847 geduld einen längeren Bericht. Die Zeitungen machen mich ängstlich.
696 871 3436 998 Bitte gehe womöglich nicht allein auf die Strasse. Hoffentlich nimmt
632 964 2505 1141 der Eisenbahnstreik nicht ernstere Formen an.
1052 1122 3475 1256 Ueber gestern und heute ist nachzutragen: Gestern vormittag
659 1254 3367 1396 Frieda, der ich die letzte Seite des Novellenentwurfes und den Brief
659 1386 3339 1519 an B. diktierte. Mittag des Sonntags wegen im Testament gegessen.
658 1523 3370 1656 Dann ein bisserl geschlafen und von 3-5 gearbeitet und nachgedacht.
656 1656 3255 1812 Um 5 Uhr erschien Carl ohne Ernst Hellmann, der erkrankt ist. Wir
668 1783 3457 1907 plauschten eine Stunde sehr gut und gingen denn ins Votivkino hinüber
677 1907 3258 2059 zu den " Wülfen von Alask", ein mässiger Genuss. Um 8 Uhr kamen
655 2029 3303 2198 Fredi und Anna und blieben bis 11 Uhr. Lange Gespräche über Rudi,
664 2175 3224 2288 finanzielle Sorgen etc. Nachher hatte ich noch eine Stunde mit
676 2289 3306 2395 dem Reinigen des Geschirrs, Luften des verrauchten Zimmers etc. zu
712 2441 3304 2539 tun und kam erst nach 12 Uhr recht müde und innerlich zerpatscht
641 2556 3300 2680 ins Bett. Heute schon einiges geleistet. Zwei Silberaufsätze ver-
668 2678 3443 2801 kauft, von denen ich noch zwei habe. Hery hat diesen Monat Geburtstag
663 2789 3515 2933 und ich hatte kein Geld für ein Geschenk. Jetzt bis ich wieder aus dem
673 2947 3215 3088 Wasser. Dann war ich in der Neustiftgasse eine Wohnung ansehen,
660 3059 3336 3226 schmutzig und ohne Telefon, daher indiskutabel für mich. Im Vorbei-
658 3212 3401 3353 genen bei Glücksmann die Manuscripte geholt, die er, wie er sagte, dem
665 3303 3214 3462 Direktor ungelesen fortgenommen hat - und schliesslich durch die
694 3478 3311 3603 Stadt nachhause. Jetzt habe ich eben ein herrliches, selbstfabri¬
951 3560 1321 3638 Schnitzel
669 3630 3338 3763 ziertes xxx (Paradeisschnitzes) verzehrt und werde gleich
656 3723 3466 3851 mein Mittagsschläfchen halten. Um 4 Uhr bin ich bei Tedy Bl. und dann
661 3861 3347 4017 Gott sei Loo und Dank allein zuhause. Dieser Besuch mit den larmo-
650 4004 3450 4120 yanten Gesprächen über eine Tote ist eine Verpflichtung, aber wahrlich
641 4115 3442 4276 kein inneres Bedürfnis für mich. Ich brauchte Aufgeiterung, Zerstreu¬
