3787 4803
596 570 3395 697 Ich finde den Gedanken des Stückes (Ehrenrettung durch Duell) wunder¬
597 700 3310 822 voll und auch den 2. Akt besonders gut. Aber die Besetzung, vor allem
575 834 3263 952 die Naive unerträglich. (Von meiner Fortreise nicht mehr die Rede.)
613 957 3480 1103 Wundervoller Sommertag. Viel im Garten. A. am Nachmittag eine Stunde hier
605 1087 3389 1194 bei mir am Divan gelegen, sieht elend aus, klagt über sein Befinden und
611 1214 3481 1357 scheint irritiert. (Ueber die O.) Gegen mich liebevoll und zärtlich, aber
611 1338 2063 1494 wie ein kleines verhätscheltes Kind.
604 1524 3350 1648 29.5. Zwei Tage A. nicht gesehen. Habe unausgesetzt Besuch angesetzt um ihn an
605 1664 3379 1787 dem lächerlichen Hin und Her-Pendeln zwischen O. und mir zu hindern. Gestern Vormittag
606 1815 3461 1933 Stadt. Nachmittag Emmy Tolnay, Lotte Menasse. Beide begeistert von meiner
606 1921 3418 2074 Wohnung. Jause auf meiner Terrasse. Heute Mittag Cari und Magdi (Magdi
602 2058 3425 2172 sehr herzig). Um ½ 5 Mädi T., die ich einmal allein sprechen wollte, spä¬
591 2197 3379 2304 ter Harry. Wenn sie nicht Komödie gespielt hat ist sie ein
595 2329 3355 2453 recht kluges vernünftiges Mädel. Später Delitz. Er brachte mir einen
638 2474 3351 2587 schönen Holzschnitt und war sehr nett. Vielleicht bessert er einmal
597 2579 1315 2714 mein Porträt aus.
602 2711 3479 2831 A. heute am Telefon ganz grundlos heftig, was ihm später von selbst leid
595 2832 3397 2949 tat. Was ist sein Wesen? Was ist krankhaft? Arnoldo heute fort, die O.
601 2971 1103 3118 erst morgen.
596 3165 3409 3303 30.5. A. telefonisch eben gesprochen. Die O. fort. Gott gebe uns jetzt
607 3311 1346 3443 eine bessere Zeit.
595 3504 3365 3656 31.5. Gestern Abend mässiger Film. Amerikanischer Kitsch »Die letzte
602 3619 3447 3734 Warnung«. Dann bei Neugröschl genachtmahlt. Jüdisches Beisel. Stimmung
607 3753 1230 3904 nicht schlecht.
598 3855 3375 3992 Eben Frieda gesprochen. A. soll zu ihr gesagt haben, dass die Einsicht
598 3981 3407 4114 von der O. und mir, die wir gegen ihn haben, schon sehr »letzter Akt voll
590 4135 3293 4267 ist«, so als ob man in ihn schon einen sehr Kranken sehe. Nein, für
578 4271 3405 4450 krank halte ich ihn nicht, aber für gefährdet. Da heisst es schweigen.
