<?xml version="1.0" encoding="UTF-8" standalone="yes"?>
<PcGts xmlns="http://schema.primaresearch.org/PAGE/gts/pagecontent/2013-07-15" xmlns:xsi="http://www.w3.org/2001/XMLSchema-instance" xsi:schemaLocation="http://schema.primaresearch.org/PAGE/gts/pagecontent/2013-07-15 http://schema.primaresearch.org/PAGE/gts/pagecontent/2013-07-15/pagecontent.xsd">
    <Metadata>
        <Creator>prov=READ-COOP:name=TrHtr:version=0.0.6:model_id=44522:date=18_11_2022_04:56</Creator>
        <Created>2022-11-17T16:34:35.900+01:00</Created>
        <LastChange>2022-11-18T04:56:31.670Z</LastChange>
        <TranskribusMetadata docId="1233893" pageId="50260630" pageNr="201" tsid="104226380" status="IN_PROGRESS" userId="40391" imgUrl="https://files.transkribus.eu/Get?id=RLNNBNWIPMMTNSINMLMKSQTQ&amp;fileType=view" xmlUrl="https://files.transkribus.eu/Get?id=FMPMHTMEVNWNLSWMBDVRXXXU" imageId="41049036"/>
    </Metadata>
    <Page imageFilename="HIN-155550_0201.tif" imageWidth="3759" imageHeight="4694">
        <ReadingOrder>
            <OrderedGroup id="ro_1669749960683" caption="Regions reading order">
                <RegionRefIndexed index="0" regionRef="r1"/>
            </OrderedGroup>
        </ReadingOrder>
        <TextRegion id="r1" custom="readingOrder {index:0;}">
            <Coords points="563,96 563,4503 3623,4503 3623,96"/>
            <TextLine id="r1l1" custom="readingOrder {index:0;}">
                <Coords points="1948,458 2044,454 2125,413 2372,428 2398,454 2549,405 2674,424 2674,343 2563,321 2353,347 2279,303 2154,347 2062,321 1948,333"/>
                <Baseline points="1965,405 1999,405 2034,405 2068,405 2103,405 2138,405 2172,405 2207,405 2241,405 2276,405 2311,405 2345,405 2380,405 2414,405 2449,405 2484,405 2518,404 2553,404 2587,404 2622,404 2657,404"/>
                <TextEquiv>
                    <Unicode>Berlin, 19.3.1925.</Unicode>
                </TextEquiv>
            </TextLine>
            <TextLine id="r1l2" custom="readingOrder {index:1;}">
                <Coords points="1927,566 2181,535 2321,587 2638,545 2948,588 2970,478 2841,445 2715,475 2638,434 2325,483 1926,444"/>
                <Baseline points="1946,542 1996,540 2046,539 2096,539 2147,537 2197,537 2247,537 2297,536 2348,536 2398,536 2448,536 2498,536 2549,536 2599,536 2649,537 2699,537 2750,537 2800,537 2850,536 2900,536 2951,536"/>
                <TextEquiv>
                    <Unicode>(nach Wien,Hotel Regina).</Unicode>
                </TextEquiv>
            </TextLine>
            <TextLine id="r1l3" custom="readingOrder {index:2;}">
                <Coords points="1914,634 1933,632 1949,618 1953,621 1972,618 1947,454 1929,457 1910,482 1892,485"/>
                <Baseline points="1932,629 1953,626"/>
                <TextEquiv>
                    <Unicode>de</Unicode>
                </TextEquiv>
            </TextLine>
            <TextLine id="r1l4" custom="readingOrder {index:3;}">
                <Coords points="560,680 2348,739 3182,714 3314,602 559,610"/>
                <Baseline points="579,680 714,678 850,677 986,675 1122,675 1258,674 1394,674 1529,672 1665,672 1801,672 1937,671 2073,671 2209,671 2345,671 2480,669 2616,669 2752,669 2888,668 3024,668 3160,668 3296,666"/>
                <TextEquiv>
                    <Unicode>Liebste, unnapoleonisch wie ich bin (bis in die Fingerspitzen) fange</Unicode>
                </TextEquiv>
            </TextLine>
            <TextLine id="r1l5" custom="readingOrder {index:4;}">
                <Coords points="570,869 3225,843 3409,817 3409,728 570,729"/>
                <Baseline points="590,804 730,804 870,804 1010,804 1150,804 1290,803 1430,803 1570,803 1710,803 1850,803 1990,803 2130,803 2270,801 2410,801 2550,801 2690,800 2830,800 2970,798 3110,798 3250,797 3390,795"/>
                <TextEquiv>
                    <Unicode>ich die diesen Brief kühl und sachlich mit dem chronologischen Be nicht</Unicode>
                </TextEquiv>
            </TextLine>
            <TextLine id="r1l6" custom="readingOrder {index:5;}">
                <Coords points="604,950 3381,956 3380,857 3218,839 604,872"/>
                <Baseline points="621,935 758,935 895,935 1032,935 1169,935 1306,935 1443,935 1580,935 1717,935 1854,935 1991,933 2128,933 2265,933 2402,933 2539,932 2676,932 2813,930 2950,930 3087,929 3224,927 3362,926"/>
                <TextEquiv>
                    <Unicode>an, den ich Dir seit vorgestern schuldig bin. Oder soll ich die zärt-</Unicode>
                </TextEquiv>
            </TextLine>
            <TextLine id="r1l7" custom="readingOrder {index:6;}">
                <Coords points="566,1080 3295,1112 3294,976 566,991"/>
                <Baseline points="584,1064 718,1064 853,1065 987,1065 1122,1065 1257,1065 1391,1065 1526,1065 1660,1065 1795,1064 1930,1064 2064,1064 2199,1062 2333,1062 2468,1062 2603,1062 2737,1062 2872,1061 3006,1062 3141,1062 3276,1062"/>
                <TextEquiv>
                    <Unicode>lichen Küsse, mit denen ich meine Briefe zu schliessen pflege, an den</Unicode>
                </TextEquiv>
            </TextLine>
            <TextLine id="r1l8" custom="readingOrder {index:7;}">
                <Coords points="567,1208 3163,1210 3162,1118 3026,1082 566,1131"/>
                <Baseline points="584,1193 718,1194 853,1196 988,1196 1122,1197 1257,1197 1392,1197 1526,1197 1661,1197 1796,1197 1930,1197 2065,1197 2200,1196 2334,1196 2469,1194 2604,1193 2738,1193 2873,1191 3008,1190 3143,1188"/>
                <TextEquiv>
                    <Unicode>Anfang setzen? Schön,-hier wäre der erste, mein Schatz.- Und nun:</Unicode>
                </TextEquiv>
            </TextLine>
            <TextLine id="r1l9" custom="readingOrder {index:8;}">
                <Coords points="1771,1266 1837,1274 1859,1267 1870,1278 1885,1267 1911,1278 1922,1267 1937,1275 1955,1264 2000,1275 2036,1271 2037,1198 1989,1194 1970,1208 1930,1201 1893,1208 1860,1193 1830,1208 1771,1196"/>
                <Baseline points="1791,1259 1816,1257 1841,1256 1867,1256 1892,1256 1917,1256 1943,1257 1968,1257 1993,1258 2019,1259"/>
                <TextEquiv>
                    <Unicode>kurzem</Unicode>
                </TextEquiv>
            </TextLine>
            <TextLine id="r1l10" custom="readingOrder {index:9;}">
                <Coords points="571,1345 3101,1375 3399,1342 3399,1257 571,1271"/>
                <Baseline points="588,1326 727,1326 867,1326 1006,1326 1146,1326 1286,1326 1425,1326 1565,1326 1704,1326 1844,1325 1984,1325 2123,1325 2263,1325 2402,1323 2542,1323 2682,1323 2821,1322 2961,1322 3100,1320 3240,1320 3380,1320"/>
                <TextEquiv>
                    <Unicode>am 17. war ich Vormittag nach kurziergang bei ^ Dr.Rosenberger,</Unicode>
                </TextEquiv>
            </TextLine>
            <TextLine id="r1l11" custom="readingOrder {index:10;}">
                <Coords points="545,1466 3532,1504 3532,1364 545,1363"/>
                <Baseline points="563,1457 710,1457 857,1457 1005,1457 1152,1457 1300,1457 1447,1457 1595,1457 1742,1457 1890,1457 2037,1457 2184,1455 2332,1455 2479,1455 2627,1454 2774,1454 2922,1454 3069,1452 3217,1452 3364,1451 3512,1449"/>
                <TextEquiv>
                    <Unicode>besprach allerlei Geschäftliches. - Mittagessen im Esplanade und mit Wieg-</Unicode>
                </TextEquiv>
            </TextLine>
            <TextLine id="r1l12" custom="readingOrder {index:11;}">
                <Coords points="605,1614 3216,1637 3345,1622 3345,1504 605,1514"/>
                <Baseline points="624,1587 759,1587 894,1587 1029,1587 1164,1587 1299,1587 1434,1587 1570,1586 1705,1586 1840,1586 1975,1586 2110,1586 2245,1584 2380,1584 2516,1584 2651,1583 2786,1583 2921,1583 3056,1582 3191,1581 3327,1581"/>
                <TextEquiv>
                    <Unicode>ler (Ullstein); - noch kein Abschluss über das Buch da mich Dr.Maril</Unicode>
                </TextEquiv>
            </TextLine>
            <TextLine id="r1l13" custom="readingOrder {index:12;}">
                <Coords points="576,1750 3175,1766 3297,1744 3297,1644 576,1662"/>
                <Baseline points="593,1722 727,1721 861,1719 995,1718 1130,1718 1264,1716 1398,1716 1532,1716 1667,1715 1801,1715 1935,1715 2069,1715 2204,1715 2338,1715 2472,1715 2606,1715 2741,1715 2875,1715 3009,1713 3143,1713 3278,1713"/>
                <TextEquiv>
                    <Unicode>gebeten, einen Brief Fischers abzuwarten. Später kam auch Heini, dann</Unicode>
                </TextEquiv>
            </TextLine>
            <TextLine id="r1l14" custom="readingOrder {index:13;}">
                <Coords points="600,1854 3226,1868 3226,1769 2871,1740 600,1780"/>
                <Baseline points="620,1847 749,1847 878,1848 1008,1848 1137,1848 1266,1850 1396,1850 1525,1850 1654,1848 1784,1848 1913,1848 2042,1848 2172,1847 2301,1847 2430,1847 2560,1847 2689,1845 2818,1845 2948,1845 3077,1845 3207,1845"/>
                <TextEquiv>
                    <Unicode>Fridell - so zog sich das Frühstück bis 5 Uhr hin. Nachher blieb</Unicode>
                </TextEquiv>
            </TextLine>
            <TextLine id="r1l15" custom="readingOrder {index:14;}">
                <Coords points="603,1994 3376,1973 2926,1867 603,1902"/>
                <Baseline points="621,1979 757,1979 894,1979 1031,1979 1168,1979 1305,1979 1441,1979 1578,1979 1715,1979 1852,1979 1989,1979 2125,1979 2262,1977 2399,1977 2536,1977 2673,1977 2809,1977 2946,1977 3083,1977 3220,1977 3357,1979"/>
                <TextEquiv>
                    <Unicode>Heini noch eine Weilebei mir, im Zimmer; - er ist sehr herzlich, aufge-</Unicode>
                </TextEquiv>
            </TextLine>
            <TextLine id="r1l16" custom="readingOrder {index:15;}">
                <Coords points="573,2120 3346,2114 3324,2022 573,2013"/>
                <Baseline points="593,2108 729,2109 866,2109 1002,2109 1139,2111 1276,2111 1412,2111 1549,2111 1686,2111 1822,2111 1959,2111 2096,2111 2232,2109 2369,2109 2506,2109 2642,2109 2779,2109 2916,2108 3052,2108 3189,2108 3326,2108"/>
                <TextEquiv>
                    <Unicode>schlossener als sonst; - seine Freundin reist April für einige Monate</Unicode>
                </TextEquiv>
            </TextLine>
            <TextLine id="r1l17" custom="readingOrder {index:16;}">
                <Coords points="565,2264 2749,2303 3372,2270 3372,2148 565,2194"/>
                <Baseline points="584,2240 722,2240 861,2241 999,2243 1138,2243 1276,2243 1415,2243 1553,2243 1692,2243 1830,2243 1969,2243 2107,2243 2246,2243 2384,2241 2523,2241 2661,2241 2800,2241 2938,2241 3077,2240 3215,2240 3354,2241"/>
                <TextEquiv>
                    <Unicode>nach München, - und ich glaube, er sieht darin eine Möglichkeit, dass die</Unicode>
                </TextEquiv>
            </TextLine>
            <TextLine id="r1l18" custom="readingOrder {index:17;}">
                <Coords points="561,2389 3368,2362 561,2304"/>
                <Baseline points="579,2372 717,2372 856,2372 994,2372 1133,2372 1272,2373 1410,2373 1549,2373 1687,2373 1826,2373 1965,2373 2103,2373 2242,2373 2380,2373 2519,2372 2658,2372 2796,2372 2935,2372 3073,2372 3212,2370 3351,2370"/>
                <TextEquiv>
                    <Unicode>Konfkikte sich lösen werden. An diesem Abend lernte ich sie auch ken-</Unicode>
                </TextEquiv>
            </TextLine>
            <TextLine id="r1l19" custom="readingOrder {index:18;}">
                <Coords points="562,2538 2509,2569 3261,2521 3298,2429 562,2442"/>
                <Baseline points="581,2501 715,2501 850,2502 985,2502 1120,2504 1255,2504 1390,2504 1525,2505 1660,2505 1795,2505 1930,2505 2064,2505 2199,2505 2334,2505 2469,2505 2604,2505 2739,2504 2874,2504 3009,2504 3144,2504 3279,2504"/>
                <TextEquiv>
                    <Unicode>nen; - ein kluges, gar nicht hübsches, vielleicht 20jähriges Mädel aus</Unicode>
                </TextEquiv>
            </TextLine>
            <TextLine id="r1l20" custom="readingOrder {index:19;}">
                <Coords points="571,2651 3348,2684 3425,2518 571,2555"/>
                <Baseline points="590,2636 730,2634 871,2634 1012,2633 1153,2633 1294,2633 1435,2633 1576,2633 1717,2633 1858,2633 1999,2634 2139,2634 2280,2634 2421,2634 2562,2634 2703,2634 2844,2633 2985,2631 3126,2631 3267,2628 3408,2627"/>
                <TextEquiv>
                    <Unicode>guter jüdischer Familie; - ein wenig an Liedl (meine verstorbene Schwä-</Unicode>
                </TextEquiv>
            </TextLine>
            <TextLine id="r1l21" custom="readingOrder {index:20;}">
                <Coords points="570,2784 2790,2838 3365,2789 3365,2686 570,2714"/>
                <Baseline points="587,2765 725,2765 863,2765 1001,2763 1139,2763 1277,2763 1415,2763 1553,2763 1691,2763 1829,2763 1967,2763 2105,2763 2243,2763 2381,2763 2519,2763 2657,2763 2795,2763 2933,2763 3071,2763 3209,2762 3347,2762"/>
                <TextEquiv>
                    <Unicode>gerin) und von ganz fern an Steffi erinnernd; von überraschender Si-</Unicode>
                </TextEquiv>
            </TextLine>
            <TextLine id="r1l22" custom="readingOrder {index:21;}">
                <Coords points="607,2910 3185,2947 3303,2918 3303,2796 607,2832"/>
                <Baseline points="626,2892 758,2892 891,2894 1024,2894 1157,2894 1290,2894 1423,2895 1556,2895 1689,2895 1822,2895 1955,2895 2087,2895 2220,2895 2353,2895 2486,2895 2619,2895 2752,2894 2885,2894 3018,2894 3151,2894 3284,2894"/>
                <TextEquiv>
                    <Unicode>cherheit und nicht ohne Humor. Wir waren (um die Einleitungsstunde</Unicode>
                </TextEquiv>
            </TextLine>
            <TextLine id="r1l23" custom="readingOrder {index:22;}">
                <Coords points="557,3046 2394,3086 3356,3049 3356,2968 557,2976"/>
                <Baseline points="576,3023 714,3023 852,3024 990,3024 1128,3024 1266,3026 1404,3026 1542,3026 1680,3026 1818,3026 1957,3024 2095,3024 2233,3024 2371,3024 2509,3024 2647,3024 2785,3024 2923,3024 3061,3024 3199,3024 3338,3024"/>
                <TextEquiv>
                    <Unicode>zu erleichtern) im Kino (ein schlechter Albertini-Film). Nachtmahlten</Unicode>
                </TextEquiv>
            </TextLine>
            <TextLine id="r1l24" custom="readingOrder {index:23;}">
                <Coords points="568,3164 3330,3179 3330,3057 568,3050"/>
                <Baseline points="587,3152 723,3152 859,3153 995,3153 1131,3153 1268,3153 1404,3153 1540,3153 1676,3153 1812,3153 1949,3153 2085,3153 2221,3153 2357,3153 2493,3153 2629,3153 2766,3153 2902,3153 3038,3153 3174,3153 3311,3152"/>
                <TextEquiv>
                    <Unicode>dann im Fürstenhof (wo mir s.Z. die Kleidungsstücke gestohlen worden</Unicode>
                </TextEquiv>
            </TextLine>
            <TextLine id="r1l25" custom="readingOrder {index:24;}">
                <Coords points="568,3308 2688,3274 3013,3367 3440,3293 3440,3208 568,3238"/>
                <Baseline points="587,3284 728,3284 870,3284 1012,3284 1154,3284 1296,3285 1437,3285 1579,3285 1721,3285 1863,3285 2005,3285 2146,3285 2288,3285 2430,3285 2572,3285 2714,3285 2855,3284 2997,3284 3139,3284 3281,3284 3423,3284"/>
                <TextEquiv>
                    <Unicode>sind). Heini war etwas befangener als sie; - aber ich brachte beide über</Unicode>
                </TextEquiv>
            </TextLine>
            <TextLine id="r1l26" custom="readingOrder {index:25;}">
                <Coords points="558,3426 3449,3451 3287,3329 558,3334"/>
                <Baseline points="578,3413 720,3413 863,3414 1005,3414 1148,3416 1291,3416 1433,3416 1576,3416 1719,3416 1861,3416 2004,3416 2147,3416 2289,3416 2432,3416 2575,3416 2717,3416 2860,3416 3003,3416 3145,3416 3288,3416 3431,3417"/>
                <TextEquiv>
                    <Unicode>die kleine Verlogenheit bald hinweg.- Gestern am 18. kam Vormittag Bet¬</Unicode>
                </TextEquiv>
            </TextLine>
            <TextLine id="r1l27" custom="readingOrder {index:26;}">
                <Coords points="566,3555 3254,3568 3187,3465 566,3477"/>
                <Baseline points="584,3545 716,3545 849,3546 981,3546 1114,3546 1246,3546 1379,3546 1511,3546 1644,3546 1776,3546 1909,3546 2041,3546 2174,3545 2306,3545 2439,3545 2571,3545 2704,3545 2836,3545 2969,3545 3101,3545 3234,3545"/>
                <TextEquiv>
                    <Unicode>tina, die ich in der Hotelhall mit Caviar und Sherry bewirtete - sie</Unicode>
                </TextEquiv>
            </TextLine>
            <TextLine id="r1l28" custom="readingOrder {index:27;}">
                <Coords points="564,3688 3418,3702 3418,3566 564,3570"/>
                <Baseline points="584,3672 724,3672 865,3674 1006,3675 1147,3675 1287,3677 1428,3677 1569,3677 1710,3677 1850,3678 1991,3678 2132,3678 2273,3678 2413,3678 2554,3677 2695,3677 2836,3677 2976,3677 3117,3677 3258,3675 3399,3675"/>
                <TextEquiv>
                    <Unicode>scheint mit dem Herzen (rein physisch) nicht ganz in Ordnung - (und ist</Unicode>
                </TextEquiv>
            </TextLine>
            <TextLine id="r1l29" custom="readingOrder {index:28;}">
                <Coords points="567,3844 3303,3842 3303,3746 2946,3716 567,3740"/>
                <Baseline points="585,3803 720,3804 855,3804 990,3806 1125,3807 1260,3807 1395,3809 1530,3809 1665,3809 1800,3809 1935,3810 2070,3810 2205,3810 2340,3810 2475,3810 2610,3810 2745,3810 2880,3810 3015,3810 3150,3809 3285,3809"/>
                <TextEquiv>
                    <Unicode>mir auch sonst lieber als die andere). Ein wenig spazieren mit ihr, -</Unicode>
                </TextEquiv>
            </TextLine>
            <TextLine id="r1l30" custom="readingOrder {index:29;}">
                <Coords points="555,3951 843,3999 916,3951 1101,3985 1407,3938 1772,3987 1772,3854 1706,3843 1658,3879 1009,3837 640,3884 555,3840"/>
                <Baseline points="572,3936 631,3935 690,3935 749,3935 808,3935 867,3935 926,3935 985,3935 1044,3936 1103,3936 1163,3936 1222,3936 1281,3938 1340,3938 1399,3938 1458,3938 1517,3938 1576,3938 1635,3936 1694,3936 1754,3935"/>
                <TextEquiv>
                    <Unicode>es war beinahe gutes Wetter.-</Unicode>
                </TextEquiv>
            </TextLine>
            <TextLine id="r1l31" custom="readingOrder {index:30;}">
                <Coords points="997,4084 3412,4109 3361,3991 997,3962"/>
                <Baseline points="1016,4062 1134,4064 1253,4066 1372,4068 1491,4068 1610,4070 1729,4070 1847,4070 1966,4070 2085,4070 2204,4070 2323,4068 2442,4068 2561,4068 2679,4068 2798,4068 2917,4068 3036,4068 3155,4070 3274,4071 3393,4073"/>
                <TextEquiv>
                    <Unicode>Hotel mit Barnowsky gespeist, der Komödie der Verführung ge-</Unicode>
                </TextEquiv>
            </TextLine>
            <TextLine id="r1l32" custom="readingOrder {index:31;}">
                <Coords points="2970,4149 3095,4142 3121,4153 3198,4142 3235,4150 3235,4087 3184,4087 3173,4076 3132,4087 3099,4072 3047,4087 2970,4079"/>
                <Baseline points="2988,4133 3013,4133 3039,4133 3064,4133 3090,4133 3115,4133 3141,4133 3166,4133 3192,4133 3218,4134"/>
                <TextEquiv>
                    <Unicode>warnte</Unicode>
                </TextEquiv>
            </TextLine>
            <TextLine id="r1l33" custom="readingOrder {index:32;}">
                <Coords points="557,4208 3327,4217 3327,4113 557,4094"/>
                <Baseline points="575,4196 711,4196 848,4196 984,4197 1121,4197 1258,4197 1394,4197 1531,4197 1668,4197 1804,4197 1941,4197 2078,4199 2214,4199 2351,4199 2488,4199 2624,4199 2761,4199 2898,4200 3034,4200 3171,4200 3308,4200"/>
                <TextEquiv>
                    <Unicode>ben will, obwohl er bisher nur den ersten Akt gelesen: - Ich xxxxxxx</Unicode>
                </TextEquiv>
            </TextLine>
            <TextLine id="r1l34" custom="readingOrder {index:33;}">
                <Coords points="570,4356 3331,4378 3369,4230 570,4249"/>
                <Baseline points="587,4326 725,4328 863,4329 1001,4331 1139,4331 1278,4332 1416,4332 1554,4334 1692,4334 1830,4334 1969,4334 2107,4334 2245,4334 2383,4334 2521,4334 2660,4334 2798,4332 2936,4332 3074,4332 3212,4332 3351,4332"/>
                <TextEquiv>
                    <Unicode>ihn mit Rücksicht auf die Besetzungsschwierigkeiten - wir reden noch</Unicode>
                </TextEquiv>
            </TextLine>
            <TextLine id="r1l35" custom="readingOrder {index:34;}">
                <Coords points="569,4479 3165,4498 3257,4486 3257,4376 1148,4429 568,4357"/>
                <Baseline points="587,4466 719,4469 852,4470 984,4472 1117,4473 1249,4475 1382,4475 1514,4475 1647,4475 1779,4475 1912,4475 2044,4473 2177,4473 2309,4472 2442,4470 2574,4469 2707,4469 2839,4467 2972,4466 3104,4463 3237,4461"/>
                <TextEquiv>
                    <Unicode>darüber - keinesfalls binde ich mich verfrüht. - Bin nur froh, dass</Unicode>
                </TextEquiv>
            </TextLine>
            <TextLine id="r1l36" custom="readingOrder {index:35;}">
                <Coords points="3513,236 3554,242 3561,234 3576,248 3583,240 3598,247 3605,239 3624,249 3643,248 3636,116 3610,117 3569,104 3551,124 3544,117 3533,125 3507,122"/>
                <Baseline points="3530,200 3561,200 3592,196 3623,197"/>
                <TextEquiv>
                    <Unicode>151</Unicode>
                </TextEquiv>
            </TextLine>
            <TextEquiv>
                <Unicode>


































</Unicode>
            </TextEquiv>
        </TextRegion>
    </Page>
</PcGts>
