3782 4710
670 220 1311 397 Tgb. 17.2.1930.
691 369 3375 553 Gestern Abend mit A. Kino "Tropenzauber" mit Greta Garbo. Ein wun-
701 572 3484 678 dervolles Wesen. A. in guter Stimmung, aber ich wage es kaum mehr mich
692 659 2626 827 zu freuen. Ich arbeite fleissig an der "Corday".
674 870 3539 1000 19.2. Lili Krauss in Wien. A. Mittag bei seinem Bruder mit ihr zusam-
687 1015 3018 1187 men. Am 21. ist ihr Konzert. Ich soll mit A. hineingehen.
697 1215 3533 1333 20.2. Verstimmung. Gestern Abend in bester Laune bei "Marietta". Nach-
698 1344 3297 1475 her beim Nachtmahlt erklärt mir A., dass er auch morgen mit Lili
2616 1449 2805 1534 sans
696 1451 3444 1621 Krauss bei Donaths am Abend ist. Ich mache ein wenig spöttisches Ge-
728 1624 2779 1766 sicht und schon spricht er kein Wort mehr mit mir.
727 1807 3433 1958 21.2.Für morgen Abend sind meine Kinder Cary und Magdi zum zweiten
685 1936 3373 2058 Mal in 7 Jahren bei A. eingeladen. Heute Mittag teilte er mir mit,
695 2047 3411 2237 dass er äusser den Donaths auch die Lili K. eingeladen hat. Nun ist
1723 2151 1796 2252 16.
695 2213 3039 2333 mir auch der Abend, auf den mich so gefreut hatte, verpatzt.
690 2363 3370 2501 22.2. Gestriges Konzert langweilig. Benehmen Lili Kraus'minder. Ko-
690 2536 3324 2649 kettiert bei jeder Verbeugung zu A. hinauf. Nachher Nachtmahl mit
685 2669 3369 2775 Ferry und Anny im Imperial. Anny erzählt mir, dass der Onkel Arthur
685 2784 3319 2922 gestern bei ihnenso frische und heiter war wie schon lange nicht.
680 2955 3446 3098 23.2. Gestriger Abend qualvoll für mich. A. schläfrig, taut erst auf,
694 3140 3509 3261 wie Lili Kr. nach dem Nachtmahl (sie war vorher im Theater) erscheint.
696 3249 3238 3351 und ihre 8 blöden Gspass mit "Onkel Arthur" treibt. Sie spielt
684 3373 3449 3503 übrigens sehr schön Klavier. Erst liess sie sich lang bitten, dann
683 3501 3357 3610 hörte sie nicht mehr auf. Magdi sah reizend aus. Sie fand Lili Kr.
691 3636 2123 3753 affig und minder in ihrem Benehmen.
679 3822 3533 3949 25.2. Lächerliche Auseinandersetzungen wegen der Lili Krauss. Aber ich
679 3951 3445 4103 hat das Gefühl sie ist nur ein Vorwand. Er ist nervös und gereizt um
691 4080 1833 4232 jedes Wort. Alleswird Szene.
690 4280 3484 4414 26.2. Jedes Zusammensein qualvoll. Gestern Akademietheater, läppisches
3564 97 3668 268 30
