3690 4703
1235 468 2536 589 Reise-Tagebuch ab 19.Juni 1925.
1238 580 2542 691 ....
578 820 3341 940 Abreise von Wien, Hotel Regina um ½2 mit D-Zug. Cary noch bei mir im
539 967 3352 1075 Hotel, brachte mir Rosen. Ich fühle immer mehr, dass er das Beste, viel-
546 1072 3362 1200 leicht das Einzige ist, was ich wirklich habe. Trennte mich schwer von
1071 1173 1264 1251 doch
556 1227 2094 1329 ihm, obwohl es nur 14 Tage sein sollen.
551 1315 3318 1488 Fredi war auch an der Bahn. Auch ein lieber guter Kerl, nur sehr ver-
548 1469 2814 1599 fahrenes Leben. Hoffentlich findet er sich noch zurecht.
537 1576 3396 1745 Fahrt sehr angenehm mit einem Herrn verplaudert, dessen Namen ich nicht
536 1758 3236 1885 kenne, aber seine Frau, die in Wien am Perron war, habe ich als Mädel
553 1871 3236 2023 bei Taussigs getroffen (Tochter des Bürgermeisters Grübl). Sie er-
553 2012 3388 2132 kannte mich auch und er benützte das Anknüpfungspunkt, übersiedelte aus
543 2125 3307 2277 einem andern Coupé in das meine und wir sprachen 7 Stunden lang sehr
577 2236 3393 2378 angeregt zusammen. Er bedauerte, dass ich nicht nach Paris weiter fuhr,
582 2383 3275 2537 was er offenbar gehofft hatte. Er sagte, ich sehe aus wie jemand, der
616 2528 3358 2686 ach Paris fährt. Er scheint früher Diplomat gewesen zu sein (2 Jahre
559 2635 2393 2769 in Japan und China), jetzt in einer Industrie.
551 2768 3353 2910 Hier in Salzburg bei trübem kalten Wetter angelangt. Brief von Arthur
542 2898 3358 3052 vorgefunden. Freundlich, herzlich, aber nichts, was ich nach den letzten
557 3033 3260 3186 schmerzlichen Differenzen und seinen Abschiedsworten erwartet habe.
551 3181 3198 3304 Jedes Wort wieder gemessen, überlegt. Er wünscht mich natürlich zu
551 3289 3297 3410 treffen (in Innsbruck) und ich werde fahren, denn ich müsste ja nicht
542 3441 3302 3590 mehr wohin mit mir (zu spät, andere Dispositionen zu treffen), aber er
542 3537 2383 3678 hat mir jede Freude an dieser Reise genommen.
534 3693 3263 3840 Salzburg 20. Juni. Heftige physische Unbehagen, wie so oft in letzter
527 3802 3390 3982 Zeit. Grosse Müdigkeit, Herzklopfen, Schmerzen im Kreuz. Lag um 9 Uhr im
532 3955 3349 4101 Bett und bin heute erst um 10 Uhr aufgestanden. Einen Brief an A. ge-
544 4085 3294 4237 schrieben. Bummel durch die Stadt und an der Salzach entlang. Wetter
3416 117 3532 292 167
