3690 4666
615 183 1547 342 An A.S.nach Adelboden.
2025 199 2664 369 Wien, 27.7.1926.
612 463 1148 610 Mein Liebes,
1096 608 3428 779 nun bist Du schon 4 Stunden unterwegs und ich hoffe sehr,
617 748 3474 874 dass Du Deine Kopfschmerzen ganz los geworden und in Deine Pläne ver-
592 873 3538 1016 tieft bist. Zum Reisen ist ja das Wetter sehr angenehm und morgen kommst
610 996 3420 1160 Du vielleicht bei Sonnenschein an. Ich bin heute auch in keiner guten
611 1143 3368 1261 Verfassung und ich möchte schon diesen grauen Tag zu Ende gewurstelt
606 1279 3326 1398 haben und fest schlafen. Morgen wird es vielleicht auch hier wieder
598 1397 3412 1554 heller und sommerlicher sein.- Bis Mittag habe ich in allen möglichen
603 1500 3441 1673 Laden und Kasten, in meinen Rechnungen und Bankbriefen Ordnung gemacht.
598 1654 3517 1785 Nach Tisch habe ich mich zwei Stunden am Dißen ausgestreckt, weil ich sol-
603 1786 3454 1924 che Rückenschmerzen hatte, aber kaum eine Viertelstunde geschlafen. - Ich
595 1907 3497 2091 habe viel an Dich und über Dich nachgedacht und es tut mir so leid, dass
576 2053 3554 2201 Du um ein Nichts aus einer glücklichen Stimmung und einem ausgesprochenen
572 2180 3272 2342 Wohlbefinden heraus plötzlich in solche Depressionen gleitest. Ich
589 2313 3263 2462 weiss sehr wohl, dass Du zu diesen Depressionen von jeher veranlagt
591 2452 3349 2612 bist, aber Du müsstest eben mit Rücksicht darauf die Erreger oder die
588 2578 3516 2752 Veranlassungen bekämpfen, d.h. Deinen Brauen eindämmen,um Sorgen in die-
590 2703 1710 2856 ser Richtung auszuschalten.
1049 2850 3396 3023 So würde ich Dir z.B. raten einfach dort zu erklären, dass
579 2971 3294 3143 Du heuer keine grossen Reisen zahlen kannst. O. und Lili sollen bis
574 3071 3360 3232 2. September noch in irgend einem billigen Ort in der Schweit bleiben,
576 3236 3338 3390 wodurch die Fahrten in den Süden entfallen und Du kommst an 15., wenn
2545 3324 2763 3419 gut en
562 3294 3385 3489 Heini fort ist, nach Golling, wo wir 14 Tage in dem billigen Gast-
562 3478 3493 3652 hof bleiben könnten. Es wäre eine Ersparnis von vielen vielen Millionen.
572 3611 3378 3780 Wenn Du in Deinem Haus wohnen könntest, würde ich sagen komm nach Wien
1768 3706 2009 3794 würde
574 3755 3317 3891 am 15. August. Wenn es so hüssch, wie es jetzt die ganze Zeit war, wenn
574 3858 3334 4010 wir ein paar Ausflüge zusammen machten, so bin ich ganz zufrieden und
566 3980 3468 4187 sehne mich gar nicht fort. Du wirst nur wegen der Arbeiter im Haus nicht
560 4128 900 4246 wollen.
1031 4199 3306 4391 Ich sage gar nicht, dass ich nicht Reisen, Luxembourg und
559 4351 3350 4552 jeden Lukus liebe, es wäre schrecklich unaufrichtig von mir das zu be-
3423 95 3574 242 303
