3755 4694
1897 250 2631 411 Berlin, 17.3.1925.
1993 385 2984 539 (nach Wien,Hotel Regina)
576 525 3263 646 Liebste, ich gehe um nichts zu vergessen, chronologisch vor. Vom 14.
578 671 3232 762 habe ich Dir alles erzählt, glaube ich. Dass ich Abend in Charleys
582 785 3455 918 Tante war, der alten Pousse, in der Heini den einen der jugendlichen Lieb-
582 909 3430 1063 haber spielte, samt sang und tanzte, was ihm sehr viel Spass macht. Das
617 1055 3377 1192 Stück selbst besonders nach der ersten Hälfte ist schwer erträglich,
613 1143 3494 1279 Nach dem Stück mit Michaelis und Paul Marx in einem behaglichen Restaa-
615 1305 3294 1447 rant (Stallmann, mit Bildern von Mimen,Theatern etc. an der
587 1436 3509 1605 Wand). Genachtmahlt, Bericht von der Premiere des "Mgrchen", - die schlech-
617 1555 3388 1699 teste Vorstellung in Berlin seit Jahren, was am nächsten Tag die Zei-
581 1701 3426 1824 tungen bestätigen. Am Sonntag Vormittag bei Heini in der Wohnung, beson-
580 1827 3304 1938 derz schön gelegen. Frau Dernburg, seine Vermiterin, die ich schon in
582 1967 3339 2105 vergangenen Sommer in Sils Maria durch Michaelis flüchtig kennen ge-
568 2082 3394 2204 lermt hatte. Mit Heini im Hotel flüchtig gespeist. Sofort ins Schil -
571 2224 3412 2358 lertheater, Charlottenburg -Die Journalisten; - ein abscheuliches Haus,
572 2344 3244 2491 überfüllt von einem Barchentpublikum trübseligster Sorte. Wo kommt
567 2490 3386 2631 der Ruhm dieses Stückes her! Es ist nicht nur langweilig, sondern auch
563 2578 3422 2713 ziemlich dumm und irgendwo in einer Tiefe, die dem Autor selbst verbor-
580 2739 3439 2872 gen ist, verlogen. (Dabei habe ich für Freytag eine besondere Sympathie,
564 2886 3537 3008 liebte in meiner Jugend Soll und Haben, und seine Bilder aus der deutschen
565 3005 3395 3160 Vergangenheit - (nicht die Romane "Ahnen" beiitelt) sind meisterhaft). -
549 3147 3441 3239 Heini als Schmock recht gut, innerhalb einer etwas verstaubten Provinz-
1262 3230 1523 3321 könnte
567 3253 3470 3397 vorstellung. Man kann sich in Graudenz 1874 fühlen. Und dort steht eben
555 3396 3326 3518 der gewisse mittelintellektuelle Theil Deutschland seelisch und gei-
542 3528 3339 3689 stig noch heute; - nur noch hakenkreuzlerisch verblödet und verroht.-
975 3657 3328 3776 Mit Heini zurück ins Hotel (welche Entfernungen - aber es
555 3800 3278 3922 gibt Autos; -sonst müsste der Tag 48 Stunden haben). Um 7 ins Schau-
568 3896 3494 4080 spielhaus, Prinz von Homburg (oh herrliches Stück - da lernt man Deutsch-
563 4046 3411 4164 land wieder lieben), sehr schöne Aufführung, in der auch Heini als Reuss
558 4180 3443 4318 (kleinere Rolle) aufs Trefflichste sich fügte. Barnowsky zufällig neben
548 4316 3254 4494 mir, der im nächsten Jahr wieder zwei Theater hier leitet und wegen
3480 112 3613 292 145
