3754 4703
2010 325 2755 480 Venedig, 28.4.1927.
808 463 3444 627 bste, nur ein paar Worte heut, es ist wohl die letzte Nachricht, die
684 628 3289 798 Du von mir bekommst. Sonntag Früh hoff ich daheim zu sein (weiss
678 758 3369 879 nicht genau zu welcher Stunde der Zug ankommt), rufe Dich gleich an
686 883 3339 1051 und sehe Dich, wenn die Ankunft nicht zu spät erfolgt, noch am Vor-
656 999 3385 1200 mittag wieder. Meine Freude wird nicht geringer sein, wenn Dein lie-
1920 1118 2245 1205 blässer
677 1130 3289 1304 bes Gesicht etwas schmäler und sollte. Von Wohnung
714 1288 3284 1414 hier und dergl. erzähl ich Dir alles mündlich - es scheint, dass
693 1449 3460 1567 wir einen besonders günstigen Fund gemacht haben und es ist in jedem
707 1559 3201 1657 Sinne vortheilhaft, dass die Wohnung schon Ende Juni (vielmehr
665 1685 3470 1816 gleich - aber das kommt nicht in Betracht) beziehbar ist. Möblierung
673 1795 3471 1930 und so weiter wird freilich keine einfache Sache sein und Neuanschaf-
719 1960 3413 2060 fungen auch bei grösster Beschränkung unumgänglich. Der Transport,
679 2043 3314 2198 die Uebersiedlungskosten werden nicht so hoch kommen, als ich ge-
694 2224 3419 2342 fürchtet - das Amt A.C.'s wird (von Tarvis aus ) seine Schuldigkeit
709 2344 906 2466 tun.
728 2458 3429 2588 Heute waren wir am Lido, langer Spaziergang, Mittagessen wieder
698 2601 3261 2741 im Stabilimento am Meer. Jetzt eben bei Sonnenuntergang war ich
699 2713 3255 2843 allein auf dem Campanile, habe eben erst bei der Rückkehr Beinen
701 2863 3208 3024 nicht numerierten, jedoch sechsten Brief gefunden. Ich bin sehr
727 2977 3266 3104 froh, dass Du frei von Anfällen bist; den andern Gallensteinen
707 3100 3373 3274 in meiner Nähe gehts nicht so gut - sowohl Helene (diese besonders)
696 3261 3318 3381 als Gisa klagen über Schmerzen. Briefe wurden mir ziemlich viele
692 3373 3386 3515 nachgeschickt, keiner von Bedeutung, aber auch kein unangenehmer da-
693 3532 3384 3650 runter; - von Paul Czinner ein hinhaltender; - angeblich erfindet er
748 3656 3251 3775 eben eine neue Technik, ohne die man Elise nicht verfilmen kann.
769 3755 3474 3901 In Hinsicht auf Geraldy-Zsolnay bin ich nun nach Beinem heutigen
697 3886 3315 4007 Brief eher optimistisch. Mit Brahm wird sich in Hinsicht auf die
701 4021 3392 4166 Mimi gewiss nichts machen lassen. Er hat nicht den geringsten Ein-
691 4173 3316 4292 fluss auf Annahmen. Die einzige Chance seh ich in einer direkten
