2794 3362
1977 266 2291 385 3.5.29.
584 419 2505 523 anders stehen, weil es über meine Wesensmöglich-
618 534 2588 653 keit hinausgeht. Ich gebe meine Unzulänglichkeit
632 668 2493 791 zu. Ich kann nicht lächeln, wenn mir zum Weinen
637 797 2490 915 ist, ich kann nicht Dinge leicht nehmen, die mir
638 932 2436 1036 das Herz abdrücken. Was kann ich Dir da noch
632 1045 2509 1185 geben oder sein? Worte und Einwendungen vermö-
641 1190 2433 1312 gen nichts mehr. Ich sehe ein, dass ich unter
635 1309 2511 1418 diesen Umständen nur eine Belastung, eine Wirr-
639 1454 2429 1573 nis mehr für Dich bedeute und darum muss ich
641 1606 2427 1713 wohl gehen. Um Deinet-nicht um meinetwillen.
650 1735 2514 1821 Ich danke Dir für alles, was gut und schön war,
647 1855 2401 1968 irgendwie werde ich mich wohl durchschlagen.
638 1988 1845 2091 Mach Dir keine Sorge um mich.
1328 2122 1518 2208 C.K.
2542 106 2685 225 233
2609 202 2705 292 18
