3787 4719
2093 332 2777 486 Berlin, 3.1.1929.
737 478 3354 599 Mein Liebes, vom Neujahrstag hab ich noch zu berichten, dass gegen
698 610 3448 739 Abend ein schönes Zyklamenarrangement von Elisabeth kam - sie war bei
739 734 3468 839 Wir gewesen gerade als von Heini ein Zyklamenkörbchen angelangt war;
709 865 3434 995 am nächsten Morgen sandte ich ihr Flieder, bald darauf rief sie mich
718 1017 3499 1144 an. Es war indessen ein Telegramm von Frau Strnad an mich gekommen,
725 1118 3461 1298 der Professor käme am Donnerstag (heut) aus Köln in Wien an (leider
746 1253 3468 1391 ohne Kölner Adresse, - es wäre so einfach gewesen, wenn er von Köln aus
693 1381 3510 1522 hieher gekommen wäre). Nun erinnerte ich sie an Dein Stück. Sie hatte
726 1529 3308 1673 überhaupt keine Ahnung - ob es nicht hiesse "Im Rosengarten". -
721 1645 3358 1771 Ich sagte ihr den Titel, sprach vom Inhalt - sie hatte es offenbar
748 1762 3477 1923 nicht gelesen - musste auch nicht, ob sie es zurückgeschickt hat oder
746 1925 3409 2082 nicht - und "Versprach" mir es noch während meiner Anwesenheit hier
706 2052 2463 2190 zu lesen - wenn es überhaupt vorhanden sei!
735 2170 3507 2320 Nun wurde für den Abend nach dem Theater eine Zusammenkunft verabre-
698 2290 1610 2435 det im Hotel Esplanade
727 2421 3456 2576 Zu Mittag reiste Arnoldo ab. Seine persönliche Wirkung war
746 2578 3457 2712 auch hier überall die beste; und ihm selbst hat der Aufenthalt hier
689 2671 3380 2840 körperlich und weelisch wohlgetan.-Mittagessen mit O.,Heini im Re-
740 2818 3472 2969 staurant (Ewes?), kleiner Spaziergang (allein) durch die Stadtstras-
691 2955 3532 3102 s en, dieich jahrlang nicht gesehen. Erinnerungen an erste Berliner Auf-
741 3074 3494 3196 enthalte. - Am späten Nachmittag ein wenig gearbeitet (Aphoristisches
712 3247 3494 3361 für E. Lothar) - ins Theater, um Ruth spielen zu sehen; - ein Wallcestück
724 3333 3453 3499 "Der Zicker" - von einer fast unfassbaren Kindlichkeit und Dummheit.
689 3486 3415 3591 Ruth sehr nett (lächerliche Rolle), anfangs an Elisabeth erin-
694 3634 3504 3749 nernd. Dann ins Hotel mit Heini und O. gegessen. Elisabeth erwartet; -
701 3732 3384 3865 die um 11 Uhr telefonieren liess: Temperatur geschwollenes Gesicht
691 3854 2610 3995 u. s. w. (Ich war natürlich vorbereitet gewesen).
699 3973 3474 4125 Heute Vormittag werde ich wahrscheinlich Wiegler bei Ullstein aufzu-
696 4127 3379 4264 chen, eventuell Kerr; zu Tisch bin ich (allein) bei Mimi und Viki.
697 4277 3294 4400 Mein Befinden ist gut, meine Stimmung den Umständen entsprechend;
