2793 3358
297 2112 2428 2243 und seither ist Alles in Angst und Aufregung. Leider
1660 304 2122 441 30. VII. 1897
1614 415 2165 509 12 Uhr Nachts
1603 480 2174 596 Markt -Aussee
962 716 1628 860 Lieber Arthur!
618 897 2380 1030 Ich schreib Dir obwohl ich gar nicht weiss,
251 1058 2464 1167 wann diese Zeilen in Deine Hände gelangen werden denn
258 1188 2369 1312 jetzt sind wir ja von der ganzen Welt abgeschnitten,
258 1335 2499 1444 aller Bahnverkehr unterbrochen. Das war heut ein schau-
258 1453 2570 1590 erlicher Tag. Aber so wie seit drei Tagen hab ich es meie
266 1591 2422 1700 nie für möglich gehalten, ganz atemlos regnet's, ohne
252 1701 2410 1821 auch nur für Augenblicke schwächer zu werden, und der
255 1864 1611 1958 Himmel ist bleigrau und trostlos.
530 1980 2458 2085 Heute morgens ertönten die ersten Alarmsignalle
274 2246 2410 2369 nur zu begründet. Alle Brücken zwischen Alt und Markt
387 2374 2592 2488 ssee sind eingerissen und jetzt auch die grosse Brücke
270 2512 2385 2606 die über die Traun führt in grosser Gefahr. Wenn sie
267 2613 2372 2737 fällt dann stürtzt das Wasser in die Ischler Strasse
264 2761 2411 2906 und dann in alle andern hinein. Ich höre das drohende
256 2893 2543 3055 Brausen bis herauf in mein Zimmer. Es ist mir eigentlich
270 3008 2348 3170 ganz unheimlich zumut, denn Alles im Haus ist schon
1630 3115 1673 3186 et
260 3137 2502 3251 schlafen gegangen und ich allein nur wach. Ja, so etwas
2529 116 2674 336 4/20
