3743 4634
604 180 739 428 1.
807 431 3483 569 Heute Vormittag per Auto in Kritzendorf und kurze Zeit im Wasser.
681 540 3429 676 ch wäre gerne länger drin geblieben und hätte dann am Strand geruht,
631 662 3403 829 aber A. war wieder innerlich gehetzt und trieb mich hin und her. Ich
681 805 3310 939 war so müd, als ich heimkam, dass ich nach Tisch 21/3 Stunden schlief
602 965 3437 1072 und mit Herzklopfen erwachte. Nachmittag grosses Gewitter und leichte
624 1098 3441 1230 Abkühlung. Otto hat wieder bei mir gegessen. Er ist doch der liebste,
621 1202 3460 1337 beste Mensch.- "Die Braut von Messina" gelesen, da ich für die "Helena"
622 1338 1675 1504 e ventuell an Chöre denke.
678 1480 3531 1604 18.7. Für Fredi bei Stein (Klassenlotterie) gewesen, um Reklamzeichnun-
633 1612 3385 1744 gen anzubringen. Direktor kommt erst in 3 Wochen. Nachmittag "Faust"
630 1720 3459 1864 gelesen. Wie immer hingerissen. Viel für die "Helena" gefunden. Abend
619 1864 1887 1996 bei Anna. Mein Befinden elend.
650 1960 2059 2074 (Bei Beginn eines neuen Tagebuches)
575 2030 3516 2171 Kein guter Beginn dieser Aufzeichnungen. Absage von Szolnay mit geradezu
584 2151 3318 2266 lächerlichem Brief; lobt Spannungsniveau, mustergiltig durchgeführte
591 2260 3357 2423 einheitliche Komposition, betont, dass das Buch viele Erfolgsmöglich-
590 2435 3512 2548 keiten enthält und von einem Verlag, der sich ganz hinter das Buch
596 2581 3446 2673 zu stellen vermag, gut durchgesetzt werden wird, aber er kann die innere
589 2678 3340 2780 Uebereinstimmung zu meinem Roman nicht in diesem Mass empfinden. Mit
598 2806 3350 2959 anderen Worten, sie wollen für mich nichts tu/n. Wie ermüdend ist das
599 2953 1783 3057 alles und dabei diese Sorgen.
588 3082 3365 3198 21.7. Gestern Abend bei A. Gemütlich und zärtlich. Kein Zweifel, dass
577 3202 3444 3380 er mich sehr lieb hat, aber diese Mischung von Egoismus und Güte in ihm
596 3319 1217 3468 ist merkwürdig.
580 3471 3437 3609 Heute Früh telefonisches Gespräch mit A. Ein amerikanischer Journalist
576 3593 3425 3719 Schinnerer ist da, um ein Buch über A. zu schreiben. Schinnerer wundert
588 3714 3514 3877 sich über die animose, nahezu feindselige Einstellung gegen A. (Besonders
593 3874 3435 3973 im Verlag Zsolnay), während er in Amerika als der bedeutendste
624 4002 3318 4122 deutsche Dichter gilt. Hier ist eben nichts als Cloque, Partei, keine
591 4113 3197 4265 Objektivität, keine echte Begeisterung, nur snobistische Regungen.
576 4246 3447 4395 Am Abend mit A. in der Sängerhalle im Prater. Unten genachtmahlt. Dann
3530 114 3695 256 130
