3770 4723
2117 246 2859 410 Berlin, 22.3.1929.
678 445 3349 592 Mein Liebes, von gestenn hab ich noch zu erzählen, dass - nach einem
2536 547 2660 620 da
687 576 3563 724 Gespräch mit Fischer (Bermann und Maril), - xxx natürlich auch noch nicht
739 655 1126 744 endgültig.
679 721 3452 852 mer, ich mit Wiegler im Hotel speiste (er war übrigens
688 832 3404 1008 stockheiser). Er findet die Novelle sehr hübsch,- hat nur Bedenken we
679 995 3413 1138 gen der "Zauberei", behauptet sie wärmstens empfohlen zu haben (ohne
1338 1067 1816 1147 entscheideures
3369 1074 3523 1169 nun
692 1131 3553 1270 seinem Einfluss entscheidend zuzutrauen), -vor allem der Dame, wo sie von
686 1205 3449 1387 zwei dazu bestimmten Inidividuen, einem Herrn und einer Dame gelesen
1434 1315 1877 1420 fragte ihn.
2122 1329 2235 1407 für
716 1373 3407 1486 werden soll. Ich xxx xxx,ob ich xxx Ende dieser Woche definitive
681 1472 3433 1651 Antwort erwarten dürfe - er erklärte es sei unmahrscheinlichö, glaubt
687 1610 3487 1782 in 8-10 Tagen; - ein Drängen (so scheint mir) würde die Chancen nicht
682 1771 3517 1920 bessern. Meine (in meinem Brief ihm ausgesprochene) Vermutung), dass eine
669 1847 3475 2064 Empfehlung von mir eher ungünstig wirken würde, scheint nicht unrich-
659 1992 3549 2166 tig, denn er äusserte in dieser Hinsicht überhaupt nichts. - Er war herz-
676 2136 3398 2258 lich und sympathisch (was hat man davon.) - Daraufhin Spaziergang in
708 2298 3475 2363 der Stadt, der mich eher ermüdete. - Am Abend bei O., wo Ephraim Frisch,
707 2403 3310 2554 Fischer, Makob, Martha, Viki, Mimi und Elisabeth; etwas später Heini.
1114 2490 1340 2581 hatte
706 2524 3498 2680 Elisabeth kat eben mit Neppach eine Besprechung gehabt - ist sehr an-
667 2640 3427 2839 getan von seiner Lösung - behauptet aber plötzlich, - sichs nicht vor-
697 2773 3460 2924 stellen zu können. Kurzum ein Wort gab das andere, ich sagte ihr, dass
654 2951 3426 3111 sie eben doch nicht völlig zu der Sache stehe, sich von allen
646 3055 3565 3180 Leuten beeinflusse lasse u. s.w. - Worauf sie: Sie glauben nicht an die Sa-
655 3191 3491 3332 che,- sonst könnten Sie nicht glauben, dass ich von der Sache abfalle...
656 3293 3463 3487 Ich: Sie müssten doch endlich klar sein, - welches Theater - wir müssen
654 3439 3610 3591 in diesen Tagen abschliessen - ich kann doch nicht mehr thun als es Ihnen
685 3549 3521 3710 freistellen; ob Reinhardt, Barnowsky oder Klein. Nun kam die Regisseur-
658 3713 3563 3830 frage. Alle, Heini, Neppach,Kerr empfehlen Engel. Sie: Berüst mein Feind; -
657 3832 3536 3964 und ist Uberdies ein Freund Kortners, der mir von der Sache am meisten
642 4000 3411 4152 abgeredet, gehört zu der Jhering-Clique... u.s.w. - Ich erklärte, dass
646 4110 3277 4337 man auf diese Weise nicht weiter käme. Wenn ich vor jedem Partei-
3543 84 3702 255 219
