3742 4626
634 272 857 434 1929
647 517 902 622 24.1.
652 610 3520 762 schauer. Furchtbare Kälte und Schnee. Kanzler Renner begleitet mich zu
649 744 1137 896 einem Auto.
649 891 3376 1039 5.2. Abend xxx uel A. mit Wassermann, Wellesz, Frieda und Bruder.
639 1017 3424 1157 Trotz animierter Stimmung mich innerlich nicht behaglich gefühlt. Zu
650 1156 3464 1310 viel Intellektualität.- Kälte im Zunehmen. Mir ist innerlich und äus-
651 1305 3454 1442 serlich kalt. Kalamitäten in der Wohnung mit Gas, Heizung etc. Arbeite
663 1412 1329 1575 viel und friere.
642 1519 3525 1730 Mit A. Parterreloge bei "Juarez und Maximilian". Schönes Stück.Dann im
660 1644 1651 1813 Imperial. 12 Grad Kälte.
799 1764 1270 1847 mil t. natürlire
652 1802 3520 1956 Kino "Der Courier" mit Mosjukin und Dagover. Dann "Linde" genachtmahlt.
657 1939 3583 2069 Gestern Abend Gesellschaft bei Tolnax. Habe gut ausgesehen und mich wohl
635 2096 3380 2226 gefühlt. Gestern Vormittag Spaziergang mit A. bei Kälte und Sonnen-
649 2189 2606 2349 schein (8 Grad), mit A. über Grinzing, Hohe Warte.
645 2339 3376 2459 7.2. Gedenktag! 6 Jahre! Herrlicher weisser Flieder von A. Abend er
641 2484 2049 2611 bei mir. Gute Stimmung mit Liebe.-
654 2581 3460 2727 10.2. Mittag bei Königswarter. Alle sehr nett zu mir. Die Winterkälte
1844 2680 1992 2774 hat
637 2751 3487 2905 unerträglich. Abend bei A. Er mir "Spiel der Sommerlüfte" vorgelesen.
640 2831 3247 2950 Reizendes Stück. Atmosphäre, Sprache ausgezeichnet. Aber "Zug der
640 3010 3490 3153 Schatten" hat trotz der Mängel stärker auf mich gewirkt und ich glaube
650 3146 3316 3281 auch, dass es mehr Erfolg haben würde. Bei 17 Grad Kälte um 12 Uhr
641 3248 3455 3377 Nacht nach Hause gekommen. In meinem Zimmer war der Ofen ausgegangen.
649 3353 1695 3518 Die ganze Nacht gefroren.
639 3506 3384 3612 11.2. Nicht aus dem Haus gegangen. Um 4 Uhr Früh 21 Grad Réaumur am
639 3648 3457 3794 Fenster. Mittag Cary und Magdi. Nachmittag Frieda zum Diktat. ("Kam -
641 3767 3382 3884 merdiener" beendet). A. auf einen Augenblick bei mir. Ich war etwas
683 3875 3464 4043 verstimmt, weil O. ihn heute Früh angerufenhat, um Mitteilung vom Tode
635 4002 2158 4191 Steinrücks, ihres Schwagers zu machen.
630 4172 3437 4322 5 Kübel Koks verheizt und 12 Grad Zimmertemperatur. Harry hat Grippe.
