3742 4646
2060 312 2955 473 Bade-Baden.3.7.1923.
563 381 3293 587 Gestern Abend, Liebe, als ich von einer schönen Schwarzwaldwanderung,
544 559 3379 717 Bühlerhöhe, heimkam, unter manchem andern beträchtlich weniger Sympathi-
535 719 3427 858 schem Dein freundschaftlich-befan ener Brief, für den ich Dir minder be-
564 858 2377 1002 fangen die duftenden Hände und Lippen küsse.
800 988 3464 1127 Mein Aufenthalt hier verläuft völlig ungetrübt. Lage, Installation
529 1102 3449 1264 des Hauses übertrifft meine Erwartungen. Der kleine Kreis von Menschen,
531 1224 3351 1362 den ich kennen gelernt, von Niveau. Die Atmosphäre der kleinen Stadt, die
536 1353 3302 1500 ich von meinem Fenster weit überschaue, wie die Landschaft freundlich
540 1485 3413 1633 und wohltuend. Jedenfalls bleibt diese Wahl die beste Lösung, die gefun-
525 1626 3326 1747 den werden konnte, insbesonders mit Rücksicht auf die Kinder und eine
518 1761 3222 1918 beträchtliche Erleichterung aller in dieses Schicksal einbezogenen
513 1877 1004 2011 Existenzen.
796 1966 3414 2138 Meine grossen Ausflüge mache ich durchaus allein. Die Gegend ist
524 2125 3361 2298 entzückend und Du hast mir eigentlich viel zu wenig davon erzählt. Ich
519 2276 3392 2399 bleibe noch bis Ende der Woche und 3 denke Sonntag in Wien zu sein. Na-
516 2410 3416 2553 türlich schreibe ich noch vorher. Auf ein gutes und schönes Wiedersehen
1277 2515 1513 2647 Deine
3421 78 3572 229 20
