3754 4703
1960 325 2860 486 Venedig,27.2x 4.1927.
686 441 3268 612 Mein Liebes, Du weisst ja sehr gut, dass ich O. schon vor Wochen
698 629 3297 756 gesagt, sie habe Frau K. alles Häusliche zu überlassen und meines
696 716 3379 846 Wissens ist seither auch nichts geschehen, was einen Uebergriff be-
689 884 3355 1014 deutet und Frau K. hätte verletzen können; und wenn ich ihr nicht
703 1001 3348 1108 immer wiederhole, was sie selbst sehr genau weiss, und insbesondere
739 1123 3468 1261 keinen Grund sehe ihr gegenüber die Natur meiner Beziehungen zu Dir
695 1241 3421 1363 zu betonen, über die sie nicht im geringsten Zweifel schwebt, so ist
689 1386 3390 1544 das keineswegs "Schwäche", wie Du es zu nennen beliebst, sondern die
675 1527 3499 1671 Empfindung der vollkommenen Ueberflüssigkeit solcher Constatierungen,
700 1635 3352 1779 die ihr auch in der gröbsten Form keine xxx Neuigkeit bedeuten
696 1804 3338 1934 würden. Sie weiss ganz genau, wie ich zu ihr und wie zu ich au Dir
709 1901 3421 2038 stehe; alles übrige lass meine Sorge sein. Wenn unter den gegenwär-
741 2061 3414 2198 tigen Umständen ihre Besuche in meinem Hause häufiger waren und
706 2176 3396 2313 sind, so ist das doch wahrhaftig zu natürlich, als dass daraus immer
675 2291 3299 2440 wieder Depressionen für Dich resultieren sollten; und es wird in
722 2455 3458 2546 der nächsten Zeit gar nicht anders möglich sein als dass eingehende
688 2562 3298 2717 Besprechungen zwischen ihr und mir stattfinden werden, über deren
716 2672 3379 2836 Länge, Zahl und Ort Du Dich bei einiger Einsicht hoffentlich nicht
673 2833 3388 2985 irritieren wirst. Denn ich habe heute bereits hier in Venedig eine
738 2949 3387 3101 Nohnung für Lili vom 15. Juni an gemietet (unter Assistenz und mit
685 3079 3418 3201 sehr lebhafter Zustimmung von Alma und ihrer Mutter, die uns mit Rat
694 3222 3469 3338 und Tat zur Seite gestanden sind); die Hochzeit wird voraussichtlich
703 3375 3549 3472 schon in der zweiten Hälfte Juni stattfinden und es wird in der kurzen
694 3473 3347 3618 Zeit viel zu besprechen und in jeder Art vorzubereiten sein, worin
702 3605 1608 3718 ich nicht immer wieder
1772 3619 3290 3747 ch völlig unbegründete Empfindlichkeit
675 3733 3380 3894 Deinerseits ennerviert werden möchte. Glaube mir, die ganze
683 3877 3367 3976 Angelegenheit ist weder innerlich noch äusserlich besonders leicht
705 3986 3375 4100 für mich; es darf und müsste nicht Confliktstoff aus Eifersüchte-
686 4118 3454 4249 leien entstehen, zu denen,wenn überhaupt, nur äussere Ursachen Anlass
686 4284 3423 4450 geben, - die nun einmal bei der äusseren Constellation momentan nicht
683 4393 1930 4515 aus der Welt zu schaffen sind.
3558 97 3660 238 15
