3686 4667
3144 329 3223 420 2
669 461 3359 637 zwischen Wien und Venedig hin und her pendle. Bald nach ihrer
670 629 3400 785 Rückkehr kam es auch wirklich zur Verlobung und zu einer mehr oder
670 768 3232 899 weniger überstürzten Heirat in den ersten Julitagen. So sehr A.
684 885 3423 1034 unter dem Gedanken litt, dass Lili zu einem fremden Mann in ein frem-
662 1015 3429 1173 des Land ziehen sollte, so sehr hatte er es eilig die Sache ins Reine
644 1158 3257 1287 zu bringen, gewissermassen zu erledigen - und alle seine Skrupel,
662 1288 3296 1458 die er gewiss hatte,gingen in der inneren Gehetztheit und der Un-
671 1389 3340 1584 ruhe seiner Nerven unter. Dazu kam, dass O. natürlich mit Rücksicht
669 1560 3385 1676 auf die Vorbereitungen zur Hochzeit nahezu dauernd in Wien war, Kon-
714 1658 3303 1814 flikte mit mir einsetzten, die wieder in den Hintergrund gestellt
679 1808 3388 1919 wurde und von Weihnachten bishzum Jänner eine stete Folge von uner-
1885 1892 2125 1994 ergaben
679 1942 3316 2068 quicklichen Auseinandersetzungen. Meine Gesundheit litt ernsthaft
2829 2026 3033 2114 Gallen
667 2077 3342 2220 darunter. Die schon im Vorjahr flüchtig aufgetretenen Dazustände
649 2166 3266 2306 häuften sich, ich hatte im Frühjahr während einer Vorstellung der
707 2292 3303 2438 "Tosca" in der Oper, der ich mit A. beiwohnte, einen sehr heftigen
641 2471 3316 2593 Anfall und lag dann nahezu 5 Wochen in einem traurigen Zustand zu
2710 2544 2849 2635 für
663 2604 3304 2720 Bett. In diese Zeit fällt die Wohnungssuche A.'s Lili in Ve-
2927 2682 3317 2773 venu aûté
658 2717 3332 2821 nedig. Auch in meiner Familie gab es, wenn auch Aufregungen freudi-
662 2847 3289 2992 gerer Art in diesem Winter, da ja Karl vor seiner Heirat stand und
3185 2912 3382 3035 nach
649 2941 3341 3147 In den ersten Julitagen war seine Hochzeit mit Magda W., 3 Tage vor
656 3115 2500 3261 der Hochzeit Lilis mit dem Capitano.
1096 3235 3371 3397 In mir hatte sich in den letzten Monaten eine grosse Er-
703 3378 3402 3541 bitterung gegen A. angehäuft, denn abgesehen davon, dass er aus Rück-
658 3495 3385 3629 sicht für die Seinen wieder rücksichtslos gegen mich gewesen war, so
661 3635 3333 3782 nahm ich es ihm auch übel, dass ich seinen Schwiegersohn nie zu Ge-
653 3762 3287 3914 sicht bekommen hatte, er mich überhaupt seinem Haus wieder dauernd
653 3910 3373 4086 ferngehalten hat. Es kam daher nach meiner Kinder und Lilis Abreise
660 4069 3417 4201 (auch D. hatte einen Tag später Wien verlassen) wieder zu höchst un-
643 4193 3277 4309 erquicklichen Gesprächen, denen A. meiner Auffassung wieder völlig
