3840 4686
468 287 710 426 1929
540 464 801 630 10. 3.
541 605 3431 807 11.3. Gestern Abend bei A. zum Nachtmahl. Sehr lieb, aber physisch nicht
545 782 3429 885 auf der Höhe. Er sieht angegriffen aus. Heute Schnee mit Regen gemischt
492 893 3425 1076 und recht grau, aber gottlob nicht kalt. Mittag Cary und Magdi, beide sehr
469 1013 1857 1155 1 ieb. Abend kommt A. noch zu mir.
486 1119 3377 1297 12.3. Gestriger Abend traurig, wenn A. auch sehr lieb zu mir war. Er ist
533 1300 3347 1442 skeptisch, was die Aufführung der "Else" anbelangt und ich glaube
535 1413 3389 1590 mit Recht. Auch andere Verhandlungen scheinen sich zu zerschlagen. Wie
460 1550 3420 1701 grauslich sind doch die Menschen. Alles Parteinahme, nirgends wirkliches
462 1702 3377 1830 g Interesse. Nur eine grosse Freude durch eine Aufführung und einen Er-
456 1823 3235 1939 folg könnte ihm wirkliche Lebenskraft wiedergeben. Das ist mir klar.
479 2052 3281 2244 Nun ist er fort. Mittag noch bei ihm gewesen. Grosse Zärtlichkeit mit
496 2220 3358 2381 grosser Nervosität gemischt. Ich empfinde einen fast physischen Schmerz
483 2351 3409 2482 über diese Trennung. Angst um ihn, Ekel vor der O. Wenn er auch tausendmal
473 2470 3293 2606 sagt, das es belanglos ist, mir ist der Gedanke, dass sie dort ist eine
483 2598 727 2739 Qual.
508 2717 3370 2877 14.3. Vormittag wieder Zahnarzt. Bei Heimkehr bereits lieben Brief von
507 2859 3388 3023 A. vorgefunden. Verhandlungen wegen "else" gedeihen. Gestern Mittag war
478 3009 3482 3121 er bei u. Der Brief ist knapp vorher geschrieben. Am Auend mit Elisabeth B.
512 3096 2820 3264 Cary mit etwas Fieber zu Bett, will morgen zu inn schauen.
512 3245 3485 3386 15.3. Carys Besuch um Anstellung am Spital bewilligt. Wir freuen uns sehr.
460 3390 3311 3510 Harry heute zum ersten Mal in seiner neuen Stelle. Gottlob die Zukunft
506 3511 2029 3663 meiner Buben einigermassen gesichert.
461 3622 3487 3766 16.3. Sechszehn Seiten von A. Nachmittag Thee Erlanger. Abend immer allein
470 3765 832 3905 zuhause.
492 3917 3306 4071 17.3. Temperatur trotz blauen Himmel unter Null. Lieber Expressbrief
464 4051 736 4185 von A.
494 4182 2574 4356 18.3. Cary-Magda zu Tisch. Schwester Anna zum Thee.
