3754 4694
1819 387 2858 500 Berlin,Samstag, 14.3.1925.
1926 491 2881 628 (nach Wien,Hotel Regina)
632 606 3475 723 will nur eiligst unsere Ankunft nach leidlicher Reise melden. Schnee,
661 707 3353 866 Kälte, jetzt heitert's sich auf - und während ich es schreibe wirds
664 869 3331 957 wieder grau. Bis jetzt ½9 Uhr war Heini bei mir. Nun nach Dahlem
655 966 2670 1125 zu Michaelis (nach Bad). - Abends Charleys Tante.
1061 1114 3507 1261 Mit Ergriffenheit deutdeckte ich die köstliche Emballage der
648 1265 2674 1390 pepermint, danke tausendmal und ebensolche Grüsse.
1704 1399 1801 1513 A.
1642 1497 1920 1654 ------
3476 97 3580 284 39
