3759 4618
606 257 1390 437 Sonntag, 6.11.1927.
600 485 3461 627 Habe heute Früh noch im Bett liegend gedacht, es ist jetzt so schön, so
610 628 3456 756 friedlich zwischen A. und mir, woher kann jetzt wieder eine Beunruhigung
608 740 3629 892 kommen? Irgendwo in mir ist ja noch die Enttäuschung über seine kindischen
1350 839 1606 920 wollte
579 893 3504 1038 Lügen, aber ich vergessen trachten, wollte versuchen wie-
609 1020 3417 1161 der an ihn zu glauben. So dachte ich noch heute Früh und zwei Stunden
612 1156 3413 1309 später - - Er will in der nächsten Zeit nach Berlin, ganz plötzlich am
575 1270 3488 1438 Vormittagsspaziergang hat er es mir mitgeteilt. Freilich, um seinen Sohn
607 1412 3461 1572 zu besuchen, aber ich kann doch nicht vergessen, dass O. dort ist. Jetzt
602 1543 3452 1676 sind es 14 Tage, dass wir sie los sind. Soll mein Leben immer unter dem
633 1659 3393 1819 drohenden Schatten dieses Weibes verlaufen? Wenn er tausendmal sagt,
599 1811 3471 1945 dass sie ihm nichts ist als die Mutter seiner Kinder, sie ist doch immer
592 1900 3397 2079 wieder vonanden. Wir gingen stumm durch den wundervollen herbstlichen
624 2044 875 2160 Wald.
585 2147 3397 2322 Am Abend bei ihm - er war sehr zärtlich,ich innerlich müde. Nach dem
583 2316 3440 2472 Abendessen war ihm einen Augenblick lang nicht gut - gerade als er ans
573 2424 3463 2601 Klavier ging, um zu spielen. Ich bin sehr erschrocken, obwohl ich glaube,
580 2591 3277 2706 dass es vom Magen war und er nur zu rasch gegessen hatte. Aber ich
555 2689 3312 2860 habe mir geschworen alles zu vermeiden, was ihn ärgern oder aufregen
618 2836 3362 2968 könnte. Wir sind zu ihm hinauf und es war sehr spät, als er mich zum
576 2959 3296 3146 Auto brachte. - Ich habe die Bürstenabzuge der Aphorismen mit, die
587 3059 3511 3249 jetzt als Band erscheinen sollen. Welche Fülle von Geist, aber wie Wenige
578 3209 2144 3362 werden verstehen und die Kniee beugen.
570 3348 3557 3497 7.11.27. Vormittag Stadt, Zahnarzt, Kleid besorgt. Jeden Augenblick stürzt
573 3489 3390 3634 jemand anderer auf mich zu, um mir ein paar freundliche Worte und auch
573 3609 2012 3747 mehr wegen meines Romans zu sagen.
561 3730 3407 3881 8.11. Vorm. Stadt. Anfang des neuen Romans diktiert. Sehr hübscher ver-
608 3856 3504 4046 gnügter Abend mit A. in der Oper, bei Sacher soupiert. Piccaver-Deglieux
567 4007 3380 4179 war wundervoll, die Vorstellung sehr genossen. Wir hören viel zu wenig
556 4131 3458 4285 Musik. Beim Nachhausefahren bette A. seinen Kopf sehr zärtlich an meine
551 4254 1909 4433 Brust. Ich fühlte mich sehr wohl.
