3690 4658
2145 381 2734 522 Wien, 7.2.1926.
573 368 1427 553 An A.S. nach Berlin.
556 587 1007 771 Liebster -
1052 697 3223 861 Es ist Sonntag 18 Uhr Abend und die Elisabeth Bergner
573 863 3219 961 beginnt wohl eben die "Else" zu lesen. - Wie gerne wäre ich dabei.
577 955 3307 1091 Aber lassen wir das lieber - und um meinen Gedanken nicht weiter
585 1089 2937 1225 nachzuhängen, will ich lieber vom gestrigen Fest berichten.
1107 1219 3431 1364 Es war wirklich sehr schön und ich habe mich sehr gut un¬
592 1367 3340 1526 terhalten, wie immer, wenn ich das Gefühl habe sehr gut auszusehen und
583 1470 3393 1612 alle menschen so besonders nett zu mir sind. Als ich fertig angezogen
594 1650 3324 1760 war tat es mir leid, dass Du mich nicht siehst. Teddy sagte mir noch
578 1775 2752 1910 heute telefonisch, dass mein Kleid bezaubernd war etc.
1100 1895 3477 2022 Es waren massenhaft Menschen da, ich glaube 140. Die Jugend
583 2008 3274 2154 war schon nach dem Souper, als Arthur Kl. und ich kamen, aber es war
591 2183 3532 2307 ein Riesenduffet da mit kleinen Tischen. Ind zwei dreifenstrigen Zimmern
601 2320 3440 2436 wurde abwechselnd bei zwei Kapellen, eine Bachrich und eine aus Dilet-
609 2422 3310 2579 tanten zusammengestellse Salonkapelle) getanzt. Es waren viele,aber
560 2569 3504 2696 nur vier hübsche Mädchen. Von Frauen waren anwesend ausser meiner Wenig¬
589 2671 3348 2813 keit Frau Generaldirektor Heller, Frau Direktor Weiner, Emmy Ephrussy,
601 2833 3313 2943 Vally L., Irene Auernheimer und als zwei graue Fledermäuse, die immer
590 2953 3436 3093 beisammen sassen, Elise Kuranda und Trude Bien. Ich unterhielt mich sehr
601 3045 3240 3194 lang mit dem Sektionschef von Kreuzoruck, den ich ungezählte Jahre
600 3227 3316 3345 nicht gesprochen hatte und der auf meine Novellen hin sich sehr ge-
591 3342 3317 3466 wünscht hatte mich wieder zu sehen. Teddy empfing mich gleich beim
588 3465 3311 3602 Kommen mit dieser Mitteilung. Längere Zeit sass ich mit Byk, mit dem
596 3595 3413 3708 ich hauptsächlich von Dir sprach. Und dann hatte ich einen ganz jungen
590 3739 3407 3852 Hofmacher, den Cary Günste, Sohn des früheren Generalobst v. Günste – ich
609 3836 3281 3962 glaub, ich hab Dir schon von ihm gesprochen. Er behauptet, schon als
568 3978 3313 4112 1 2jähriger Bub in mich verliebt gewesen zu sein, - er ist etwas älter
593 4102 3320 4257 als mein Sohn und ich sagte ihm, er soll sich schämen einer so alten
