3742 4662
2244 258 2815 446 10.1.25.Bl.3.
622 479 3485 584 und ein ganz kleines Stück Butter, da ich nicht wusste, dass ich zuhause
629 598 3528 758 bleiben werde. Aber schliesslich gibtes Menschen, die noch weniger haben.
618 738 3539 874 Vielleicht entschliesse ich mich sogar die letzte DoseCompott zu öffnen,
606 878 1707 1012 die ich noch von Dir habe.
611 1003 3387 1180 Ich will diese Woche an den Korrekturen meiner Gedichte arbeiten und
625 1155 3462 1260 auch die Géraldy-Gedichte wieder ansehen und eventuell ausbessern. Wenn
589 1281 3379 1436 ich zu Zsolnay gehen werde ich jedesfalls auch diesbezüglich fragen.
670 1418 3417 1545 Ansonsten denke ich über Feuilletons nach "Ueber Dichter und Litera-
669 1542 3420 1694 ten" und "Zwischen Wahrheit und Lüge", dann kommt auch die Novelle in
667 1666 3324 1803 Betracht, die ich einmal geträumt habe und die nur einfach erzählt
630 1810 3414 1919 werden müsste "Der ewige Student" xxx will ich sie nennen, wenn ich
619 1907 1602 2061 sie überhaupt schreibe.
616 2041 3414 2178 Dieser Brief ist viel länger geworden, als ich anfangs dachte, aber ich
624 2194 3411 2312 habe das Gefühl einer grenzenlosen Ferne dabei, wie bei einer schlech-
613 2306 3400 2433 ten Telefonverbindung, bei der man die Stimme des Partners kaum hört.
623 2403 3381 2586 Vielleichswird das besser werden, wenn ich den ersten wirklichen Brief
637 2576 3471 2706 von Dir in Händen halten werde - ein Wort vermag oft Türen zu schlies¬
620 2711 1432 2838 sen und zu öffnen.-
593 2841 3427 2953 Schreib mir bitte alles Innerliche und Aeusserliche, was mich interes-
612 2984 2692 3131 sieren könnte. Bleib gemund, das ist die Hauptsache.
614 3092 2860 3215 Gute Nacht für heute und einen innigen Kuss von Deiner
2320 3225 3014 3363 Clara Katharina.
1604 3314 1895 3479 - - -
3513 99 3670 255 102
