3674 4686
567 231 1375 399 An A.S. nach Berlin.
2104 257 2854 444 Wien, xx 13.3.1922.
541 506 1101 667 Mein Liebes,
1094 658 3228 808 eben 1/4 11 Uhr sind Hery und Fredi fortgegangen, die
568 795 3286 906 bei mir genachtmahlt haben und vorher waren Magdakl. und Elise v. G.
571 909 3221 1051 zum Thee da und ich bin furchtbar müde und fühle mich nicht recht
573 1060 3284 1180 wohl. Du darfst nicht böse sein, wenn es nur wenige Zeilen sind. Ich
572 1196 3325 1308 hatte schon Nachmittag so arge Kopfschmerzen, dass ich Pyramidon neh-
567 1330 3250 1448 men musste und jetzt sind sie wieder da, ich weiss nicht woher. xxx
570 1460 3331 1604 Hoffentlich ist's morgen wieder gut, denn ich hab keine Zeit und Lust
570 1562 1163 1722 zum Kranksein.
1081 1714 3298 1857 Du sitzst wohl gerade mit Elisabeth B. zusammen, - wenn
553 1837 2008 1990 nur was aus den Besprechungen wird.
2311 1985 2579 2152 14.3.
1065 2097 3365 2237 Mein Kopfschmerz ist heute gut und ich habe mit Bromural
564 2220 3193 2369 ganz anständig geschlafen, aber ich habe doch ein mieses Gefühl und
549 2361 3320 2522 bin ungewöhnlich blass. Eben tehfoniert mir Magdi, dass Cary mit Fie-
558 2494 3287 2619 ber liegt, da werde ich wohl Nachmittag hinschauen. Morgen Früh habe
551 2629 3357 2770 ich hoffentlich einen lieben langen Brief von Dir, und fühle Dich dann
545 2743 2461 2890 etwas näher. - Für heute nur einen innigen Kuss.
1336 2869 1592 3022 Deine
1589 2951 1803 3152 C.K.
