3743 4635
1577 214 2126 459 Ingebuch
532 324 764 480 1928
542 551 3241 673 2.5. Regen, Kälte. Anna ist bereits in ihrer neuen schönen Wohnung.
501 668 3432 825 3.5. Er ist hier. Sehr herzliche Begrüssung von seiner Seite am Telefon.
497 813 1423 971 Soll am Abend zu ihm.
542 951 3293 1107 4.5. Es war ein recht gutes Zusammensein, aber in mir noch alles sehr
538 1109 3106 1254 stumm. Heute Abend Kino und Silberner Brunnen. Gute Gespräche.
483 1222 2950 1357 6.5. Sehr schöner Abend bei ihm. A. zärtlicher denn je - - -
489 1355 3315 1515 8.5. Oper. Manon. (Opera comique Gastspiel). Mässige Aufführung, aber
540 1452 3015 1598 sehr netter, gemütlicher Abend. Ich arbeite gut und viel.
528 1624 3395 1782 Cary und Magdi jetzt zweimal in der Woche bei mir zu Tisch. Montag und
464 1752 3380 1874 Dienstag, Harry Samstag und Sonntag. Gutes Zusammensein sogar mit Harry.
464 1854 1775 2016 Arbeite viel, der Roman gedeiht.
473 2017 3497 2164 13.5. Gestern Abend wieder bei inn. Erst lange Gespräche in der Dämmerung.
529 2127 3389 2283 Ich erzähle in den Schluss meines Romanes. Er sagt: "Bein Gesicht ist
541 2287 3453 2416 ganz verändert, wenn du so viel arbeitest. Du sienst ganz "entrückt" aus?
530 2400 3476 2561 Wir sprachen auch viel von seinem künftigen Roman (Theaterronen) und vom
538 2506 2369 2690 "Zug der Schatten", an dem er jetzt schreibt.
530 2644 3378 2786 15.5. Wundervoller, erster wirklicher Frühlingstage. Vormittag bei ihm,
485 2810 3446 2962 dann Autofanrt nach Mödling über Purkersdorf, Heiligenkreuz,Gaden, mittag-
488 2945 3244 3107 mahl bei Hayek in der Brühl. Fröhlicnste Stimmung. Am Abend Kino und
490 3064 3439 3205 Nachtmanl im Prater (Pronaska). Dieser Tag wie ein kostbares Geschenk.
514 3192 2856 3320 Gott schütze ihn und erhalte ihn mir so wie er heute war.
529 3293 2273 3459 16.5. Robert P. gestorben. Ich bei Hermine.
450 3435 3414 3602 17.5. Unwetter. Wir im Kino und nachtmahlen. Ich trage seit Tagen wider
483 3548 2350 3723 meinen Winterpelz. Wolkenbruch um Mitternacht.
516 3694 3353 3848 19.5. Cary,Magdi, Harry zu Tisch. Viel gelacht. Nachmittag Prandau bei
478 3835 3327 4028 mir. Unbegreiflich, dass er je im meinem Leben eine Rolle gespielt hat.
496 3974 2281 4127 Am Abend mit A. Kino und Silberner Brunnen.
502 4101 3273 4293 20.5. Sonntag. Abend bei A. Besonders gutes, vergnügtes Zusammensein.
497 4241 2190 4409 Wetter mild. Zu Tisch Harry, später Fredi.
