3674 4675
466 242 1101 421 An A.S. Berlin.
1925 289 2593 438 Wien, 30. 12.1928.
475 535 991 678 Mein Liebes,
993 685 3246 846 ich war so froh heute Früh Deine liebe Stimme zu hören,
485 817 3280 969 sie klang ganz nah und sehr warm. Im übrigen ist heute ein grauer,un-
486 951 3192 1097 angenehmer Tag und ich habe der Sophie gekündigt und mich über alle
473 1082 3233 1239 Massen geärgert. Vorgestern, als ich von der Alma heimkam,brannte das
464 1219 3270 1355 Licht in ihrem Zimmer, in der Küche, im Hausflur, auf der Treppe, im Vor-
481 1362 3171 1496 zimmer und in meinem Schlafzimmer. Ich fand sie dabei, mein Bett zu
466 1469 3389 1605 machen. Als ich sie wegen dieser sinnlosen Verschwendung zur Rede stell-
464 1593 3302 1745 te, lachte sie dumm wie immer. Gestern als ich heinkam - es war 1/4 7 -
473 1749 3301 1885 und ich seit Vormittag 11 Uhr fort - fand ich mein Zimmer eiskalt, weil
458 1876 3199 1992 sie den Ufen abgesperrt hatte und ich musste mich ins Betr legen, um
469 1996 3392 2151 nicht zu erfrieren. Heute stellte sich wieder heraus, dass sie dem Fleisch-
498 2127 3348 2300 hauer eine Rechnung doppelt bezahlt hatte. Als ich ihr ihr neuerliches
462 2232 3211 2393 dummes Lachen vorwarf wurde sie frech und ich kündigte ihr. Ich will
443 2394 3376 2561 mich nicht, was meine Arbeit oder richtiger mein Nichtarbeiten anbelangt,
446 2535 3122 2658 auf sie ausreden, aber sie ist schon mit Schuld. Denn erstens
430 2655 3218 2817 macht sie mir mein Leben gar nicht behaglich und zweitens bin ichnie
428 2757 2276 2894 beruhigt über das, was sie tut oder nicht tut.
953 2919 3264 3079 Ich bin heute gar nicht ausgegangen. Mittag war Hery hier
438 3017 3209 3183 (der einen schrecklichen Schnupfen hat) und jetzt bin und bleibe ich
441 3174 3229 3349 allein. Morgen wird es wahrscheinlich auh so sein. Ich werde wohl das
438 3253 3265 3441 Neue Jahre ganz einsam begrüssen und doch mit meinem ganzen Herzen bei
422 3413 3266 3595 Dir und mit allen meinen Gedanken um Dich sein. Ich habe Dich lieb und
441 3536 3269 3675 jeder Schmerz, den Dunfüblst, ist auch ein Schmerr für mich. So ist die-
438 3663 3225 3847 ses Jahr in mehr als einem Sinn auch für mich ein sehr trauriges Jahr
427 3786 3231 3994 gewesen. Ich weiss, dass es für Dich kein Vergessen geben kann und ich
412 3941 3184 4089 wünsche mir, nur die Macht Dir über böse Stunden, die noch diesem Leid
425 4078 3249 4220 zugehören, hinweghelfen zu können und Dir eine wirkliche grosse Freude.
413 4212 3083 4371 Komm bald und komm gesund zurück. Ich küsse Dich innig. Deine C.K.
3487 30 3577 119 des
3446 126 3603 311 178
