3770 4630
1603 210 2136 397 Jagdeuth
645 266 851 420 1928
665 437 3541 638 5.8. Mit Emmy am Sonnwendstein. Oben gegessen und gleich wieder herun-
636 591 3214 721 ter. Beim Aufstieg Beschwerden und Schmerzen in der Herzgegend.
632 714 3533 855 Lieber Brief von Berta Zuckerandl. Sehr herzlicher aber trauriger Brief
646 853 3394 969 von A. O. und Arnoldo eingetroffen und Dora kommt auch hin. Kuppeln
648 972 2178 1158 wahrscheinlich! Nun man wird ja sehen.
635 1120 3343 1231 27.8. Mit Enmy Johannispromenade, wo ich vor 1½ Jahren mit A. ging.
633 1268 3574 1382 Depression. Ich werde wohl Mittwoch nach Wien fahren. Wetter sommerlich.
646 1425 3452 1546 28.8. Vormittag mit Emmy. Von A. 2 Karten, offenbar um Details aus dem
646 1534 3456 1657 Weg zu gehen. Dora kommt mit Familie, Frau Sonneider mit ihrem Freund
643 1653 3493 1777 Biliter. Trauerkongress in Hohenschwangau. Lächerlich und widerlich zu-
652 1779 964 1924 gleich.
640 1858 3443 2025 29.8. Längerer Brief, sehr liebevoll, aber er kommt erst zwischen 4.und
638 2028 3379 2188 6. Er schreibt: "Im Zusa menhange mit dir, wage ich heute zum ersten
643 2150 3376 2302 Mal wieder das Wort - ich freue mich.“ Ich fahre heute Abend um ½ 7
653 2282 1100 2431 nach Wien.
655 2426 3306 2563 30.8. Wien. Vormittag Stadt. Fast wohltuend das Getriebe um mich.
639 2572 3308 2710 Eine Karte von A. Einige Nummern der Telegrammzeitung vorgefunden
638 2683 2605 2801 mit der Novelle "Barspieler", lähherlich gekürzt.
641 2822 3502 2938 Mittag Cary und Magda. Zum ersten Mal mit Magda nicht ganz einverstan-
639 2958 3373 3097 den, Ihre Wirtschaft interessiert sie nicht, sie möchte einen Beruf.
638 3084 3339 3209 Sie langweilt sich, wenn Carry nicht zuhause ist, Wie leicht wollen
652 3198 3561 3362 sich diese Frauen das Leben machen! Was hat unsereins ertragen müssen!
637 3326 3421 3488 Abend Abend bei Berta Z. Viel von A. gesprochen, von meiner Beziehung
639 3479 3257 3595 zu ihm. Ich habe ihr auch erklärt, es muss etwas von den Theatern
1038 3549 1400 3645 für 4.
654 3616 3413 3703 aus etwas von ihm geschehen. Er braucht eine Freude, um über das Ent-
657 3769 3377 3910 setzliche hinwegzukommen. Etwas, das ihn herauszureissen vermag. Sie
678 3877 3536 4015 hat mir versprochen mit Herterichkeer und Josefstadt zu reden. Sie ist
641 4007 2234 4162 ein guter und temperamentvoller Mensch.
640 4139 3363 4288 31.8. Vormittag mit Magda spazieren gegangen. Viel über Ehe,Pflicht
633 4236 3433 4408 und Liebe gesprochen. Ich glaube, wir sind einander dadurch noch näher
3480 121 3662 247 152
