3783 4726
2454 300 2913 473 30.12.1928.
2156 305 2337 435 Berl
743 497 3515 617 Mein Liebes, vor allem habe ich die Chronik der letzten Tage nachzu-
709 644 3321 781 tragen. Am 28. Morgen ein Traum vom Zug der Schatten! - Es kam ein
691 778 3507 932 Mensch darin vor, der sich "der Vermeider" nannte -ich hatte das Stücke
690 895 3431 1046 meinem alten Kollegen ci-devant Freund Kapper vorgelesen - er fand
699 1028 3467 1202 diese Figur und besonders die Bezeichnung Vermeider vortrefflich, was
695 1168 3546 1323 mir lächerlich vorkam, da die Bezeichnung nur ein Notbehelf war, xxx wie
701 1272 1908 1408 etwa xxx Raisonneur.-
689 1394 2669 1541 Bank - Feilchenfeld auf Reisen,Gespräch mit Poppe
685 1515 3393 1700 Mittagessen bei Viki und Mimi mit Arnoldo; -der Nachmittag fing wie
734 1667 3543 1860 gewöhnlich in Berlin erst nach 5 an -Die übliche Hüdigkeit im Hotel.-
684 1793 3535 1988 Abends mit Arnoldo im Staatstheater. Feuchtwanger Die Petroleuminseln;
690 1954 3384 2078 nicht uninteressant, interessanter die Regie; Heini in zwei kleinen
723 2079 3397 2246 Rolien sehr gut. Besonders als Kizzamt Viscount elegant und nobel.
683 2187 3522 2324 Eine ausgezeichnete Darstellerin, die Koppenhöfer, Genahlin von K....
717 2349 3491 2459 mit Arnoldo, Heini; Ruth kam dazu, spielt in einem Wallace-Stück all-
678 2452 1115 2577 abendlich.
675 2580 3522 2764 Gestern Samstag ein schwerer Nebeltag; gegen Mittag zu O. Gespräch mit
676 2741 3352 2872 ihr und Arnoldo - über italienische und Zukunftsmöglichkeiten all-
646 2826 3538 3032 gemeiner (politischer) und besonderer Natur.-Zu Dora. Arnoldo kam nach.
656 2993 3514 3152 Dort gegessen -zämtliche Söhne und Ilse (Lors Gattin). - Ins Hotel; ver-
671 3119 3501 3306 geblicher Versuch zu arbeiten. - Abends mit Arnoldo, sowie Vikt und Mimi
676 3234 3502 3396 in der Scala, grosses Variété,mässiges Programm mit einigen Ausnahmen.
676 3378 3341 3537 Gemeinsames Nachtsahl - die Vorgenannten und Heini im Kurfürsten.
862 3443 1178 3532 Sonntag
650 3491 3516 3672 Heute Früh unser Telefongeapräch. Gegen 11 kam Viki -wir plau-
661 3634 3373 3812 derten in meinem Hotelzimmer, vorzugsweise über Heini, seine Chansen;
706 3760 3543 3928 die allgemeinen Theater- und sonstigem Zustände, Schwierigkeit des Ueber-
657 3858 3462 4042 gangs in die Opernregie, von der Übrigens Heini vorläufig trotz
653 4020 3425 4194 seiner Unzufriedenheit bei Jesuner nichts wissen will. Vor allen ist
645 4109 3474 4309 die relative Sicherheit seiner Stellung nicht zu unterschätzen.-Zu 8.,
633 4298 3375 4444 die noch immer bettlägerig. Arnoldo. Heini abgeholt, mit ihm zu Fi-
3544 86 3667 242 176
