3771 4694
2115 252 3175 423 Venedig, Lido Corno d'Oro,
2205 374 3073 524 7.9.1927. nach vien
1993 549 3421 676 one schickt die an Dich gerichteten
673 538 1616 696 Mein Liebes, der Portier
1998 661 3371 824 ausdrücklich angegeben - an mich -
675 686 1608 806 Karten (obzwar ich Dein
1930 803 3336 939 essierten an Dich; gestern habe ich
679 841 1821 996 wahrscheinlich die an mich an
679 958 3331 1092 Dir eine direkt nach Wien nachgesandt; diese hier lege ich lieber
681 1085 1400 1228 in den Brief ein.
693 1197 3436 1331 Also ich bin jedesfalls froh am Lido, und nicht in Venedig zu wohnen;
679 1337 3349 1505 das Hotel sehr angenehm, keineswegs von Rang, das Essen etwa zehnmal
665 1478 3342 1617 besser als im Grand Hotel Gardone; mein Zimmer bequem, nach Norden
686 1609 3508 1720 gelegen, die Gesellschaftsräume luftig und weit; - ein grosser Garten; -
664 1704 3591 1891 Ruhe, kaum ein Viertel des Hotels besetzt; - der Strand etwa zehn Minuten
690 1873 3281 2021 weit - Ich habe gestern schon in der entferntesten Badeanstalt,
1461 1958 3372 2135 - um 1 Uhr buchstäblich als Einziger gebadet. -
685 2007 1032 2148 Palazzo
667 2143 3319 2262 Pension 45 Lire; - wenn ich nicht zuhause diniere gehen 5 Lire ab;
696 2263 3251 2394 aber so komm ich weitaus am besten draus. Auch Frau Dr. Menczel
703 2380 3431 2531 und Frl. Pollak und dazu eben auch ihr Bruder, sowie Frau Holl.- sind
724 2494 3434 2644 gleichfalls aus Venedig hieher übersiedelt; denn drüben lässt sich
702 2611 3246 2792 jetzt - besonders in den mindern Hotel kaum existieren. Ich war
708 2762 3270 2904 gestern immerhin zweimal drüben. Vormittag hatte ich Rendezvous
701 2890 3451 3045 mit Frau Dr.M. und Frl. P.; - und am Abend war ich mit Frau Druck. bei
762 3027 3454 3172 Lili und Arnoldo geladen. Es sieht übrigens reizend bei ihnen aus;
682 3172 3338 3307 nur Julie scheint sich unter den neuen Verhältnissen nicht zu be-
729 3313 3301 3436 währen, und verträgt weder Moskitos noch Hitze. Sonst lässt sich
698 3439 3313 3567 noch nichts berichten; - Briefe sind keine aus Wien nachgeschickt
710 3536 3319 3668 worden, -zum arbeiten bin ich vorderhand auch noch nicht gekommen
703 3693 2372 3831 und mein Befinden ist nicht auf der Höhe.
702 3841 3361 3945 Von Dir wünscht ich zu hören, dass Du Dich in Wien recht erholst -
711 3941 3266 4079 und was ich sonst noch wünschte kann ich vorläufig in einem
690 4097 3309 4225 Brief nicht mit klareren und empfundeneren Worten ausdrücken, als
707 4216 3352 4338 ich sie mündlich immer und immer wiederholt habe. Glaube mir, dass
3562 90 3659 253 52
