3686 4662
2064 242 2683 385 Wien, 3.1.1930.
624 264 1270 409 An A.S.,Berlin.
621 494 1040 660 Liebster,
1148 610 3238 789 heute kam Dein Brief Nr.2 an und es ist 6 Uhr Abend
647 787 3300 923 geworden, ehe ich Zeit finde ihn zu beantworten und so geht er wohl
643 908 3261 1040 erst morgen fort. Nun will auch ich alles Wissenswerte berichten.
1191 1057 3344 1146 1. Gestern Abend war ich nach einem telefonischen Ge-
634 1191 3336 1303 spräch bei Dr. Benedikt, der von bestrickender Liebenswürdigkeit war.
626 1302 3404 1421 Er fand xxx den Artikel ausgezeichnet, sagte, er würde ihn sehr gerne
640 1414 3286 1564 bringen, aber es soll eine Aktion der Kriker für die Generalproben
644 1569 3308 1677 stattfinden, und er weiss nicht, ob er vor derselben sich in öffent-
620 1705 3350 1831 lichen Widerspruch setzen kann. Aber er will noch mit Sternberg da-
635 1842 3396 1938 rüber sprechen. Er gab mir aber die Sache doch nicht zurück und wird
627 1963 3402 2082 mir bis morgen Mittag Bescheid sagen, wenn nicht, fühle ich mich aus-
623 2069 1877 2212 ser Obeligo und rufe F.S. an.
1141 2218 3235 2336 Benedikt macht mir die unglaublichsten Elogen (über
627 2305 3256 2472 den Roman scheint er viel Gutes zu hören) und sagt mir immer wie-
606 2486 3419 2615 derich soll doch Feuilletons xxx xxx für ihn schreiben. Dann erzähl¬
623 2605 3426 2734 te er mir, dass der junge Korngold ein modern-galantes Libretto sucht,
638 2766 3271 2885 und wenn ich glaube, dass ich so etwas machen könnte, würde er mich
633 2874 2984 2996 mit ihm zusammenbringen. Ich verhielt mich eher ableinend.
1075 2992 3395 3170 Z. Zunause fand ich einen sehr lieben Brief von "Alma" vor -
629 3120 3331 3300 sie möchte mich so gerne sehen und sprechen. Sei! sie von Bertha Z.
626 3267 3418 3385 gehört hat, dass ich ihr Wesen missverstehe, hat sie das Bedürfnis etc.
635 3402 3306 3531 etc. Sie war wirklich krank und steht erst für Stunden auf. Ob ich
636 3554 3335 3666 nicht zu ihr kommen möchte? Sympathieerklärung. Sie liest die "Con-
629 3649 3307 3801 stanze" und findet sie sehr, sehr gut. Bedauert auch, dass sie ihren
619 3801 3419 3944 lieben verehrten Arthur S. nur flüchtig bei Trebitsch gesprochen hat.
609 3916 3228 4098 Umarmung zum Schluss. Ich rief heute Vormittag dort an. Werzel am
617 4067 3263 4228 Telefon sagte mir, dass Alma gestern für eine Stunde zum ersten Mal
3471 88 3597 259 13
