3742 4666
1788 197 1970 341 4
827 363 1051 490 Tgb.
809 524 3417 669 Aus der "Beatrice" -Aufführung wird wahrscheinlich nichts werden,
1141 579 1408 687 diesen
817 652 3446 799 da A. bei xxx Besetzungsmöglichkeiten keine Läust hat, und aus-
808 737 3510 930 serdem diesem Stück fast feindlich gegenübersteht. Es ist merk-
819 889 3403 1030 würdig, wie streng er gegen seine Arbeit ist. Da kann man lernen.
807 1032 3358 1211 Paul Géraldy ist in Wien und brachte A. die Nachricht, dass ein
822 1164 3376 1330 Stück von ihm im Theatre français aufgeführt werden soll. Wahr-
805 1304 3350 1481 scheinlich die "Grosse Szene". Ich glaube, das freut A., denn es
803 1424 3474 1589 ist kaum je einem Oesterreicher passiert im Théatre français auf-
797 1565 3547 1720 geführt zu werden. Ich möchte Geld verdienen, um ohne Gewissensbisse
798 1692 2476 1816 zur Première nach Paris fahren zu können.
789 1803 3329 1979 Paul Géraldy hat mir übrigens die Autorisation gegeben die Ge-
785 1949 3365 2110 dichte, die ich von ihm übersetzt habe, zu veröffentlichen.A. hat
797 2077 3601 2215 das mit ihm ausgemacht. Vielleicht übersetze ich alle. Jetzt will
790 2184 3485 2345 aber nur an den Einakter nennen (Redoute) an dem da arbeite
784 2324 3571 2473 Gestern war ich in Mödling bei Anna. Der Abend war sehr nett, Bezirk-
785 2478 3397 2655 hauptmann Pilz und Frau, Eugen Herz undFrau und Herr v.Pechan. So
794 2602 3303 2768 wie Pechan könnte der Falkenir in der "Komödie der Verführung"
787 2732 1176 2840 aussehen.
1924 2736 2165 2893 Familie
766 2842 3439 3000 Auf der Heimfahrt im Auto mit Herz dachte ich viel an A. Uebrigens
768 2985 3485 3173 die erste längere Autofahrt seit dem Krieg. Man ist doch sehr schä-
771 3097 1337 3268 big geworden.
751 3236 3337 3408 So angenehm es in M. war, so fand ich es doch sehr schön, als ich
757 3383 3490 3535 wieder in meinem Zimmer war. Die Rosen, die A. mir am Vormittag ge.-
760 3518 3540 3690 bracht hat, standen bei meinem Bett und ich fühlte, wie fern ich
756 3636 3368 3828 eigentlich allen Menschen innerlich bin, selbst wenn sie mir ganz
740 3742 1517 3910 sympathisch sind.
745 3886 3509 4102 Wirklich nah stehen mir meine Kinder - A.- dann noch meine Geschwiz-
745 3997 2700 4172 ter und Putönchen, wenn auch in ganz anderer Art.
735 4150 3410 4340 12.8.1924. Zwei Monate vergangen, ohne dass ich eine Zelle in die-
3529 123 3676 275 56
