3742 4666
528 370 755 519 I gb.
1615 192 1762 346 - 3 -
710 486 3322 621 Vielleicht könnte es die Elisabeth Bergner, die wir gestern Abend
761 632 3422 732 in "Je t'aime", Ich liebe Dich von Sacha Guitry sahen. Aber ob sie
758 764 3495 899 die Verse sprechen kann, ist noch die Frage. Immerhin, mich hat kaum
763 890 3459 1011 je eine Schauspielerin so ergriffen! Sie ist in ihrer Art so voll-
755 1020 1878 1125 kommen, wie die Duse es war.
761 1147 3523 1268 Ich musste das Gespräch mit A. unterbrechen, weil Harry mich sprechen
757 1265 3394 1412 wollte, der von einem Fest kam und zu einem Fest geht. Ich will A.
766 1408 2219 1519 bis ich im Bett bin wieder anrufen.
752 1526 3489 1665 Es ist ganz merkwürdig, wir sehen uns jeden zweiten Tag, sprechen uns
765 1671 3399 1820 täglich 2-3 Mal telefonisch und doch sind wir uns innerlich nicht
758 1764 3489 1954 so nah, als wir einander schon waren. Er leugnet es, er behauptet,ich
754 1908 3561 2030 schliesse von vorübergehenden Stimmungen auf die tatsächlichen Gefüh-
751 2068 3416 2196 le. Ich glaube ja selbst, dass er mich im Grund mehr liebt als ich
762 2190 3522 2325 ihn, aber ich bin eine so viel wärmere, zärtlichere Natur, dass ich mit
755 2315 3507 2453 weniger Gefühl vielleicht mehr gebe, als er und vielleicht noch mehr
757 2446 3502 2557 geben würde, wenn ich nicht eine Art Befangenheit ihm gegenüber hätte.
1144 2572 3470 2748 Unsere Beziehungen dauern nun über ein Jahr. Wir sind uns
739 2710 3515 2859 so nahe gekommen, wie nur Menschen, die sich lieben, einander nahe kom-
731 2835 3462 2944 men können. Wir haben Stunden des schönsten und tiefsten Glück mit-
749 2985 3459 3102 einander geteilt. Ich kann mir kaum ein Leben ohne ihn mehr denken.
745 3097 3428 3260 Und doch bin ich ihm manchmal so fremd, dass alles, was zwischen uns
736 3225 2809 3384 war und ist, mir unwirklich erscheint und sonderbar.
734 3331 3461 3507 7.5.1924. Ich würde bestimmt mehr arbeiten, wenn dieses entsetzliche
731 3502 3494 3653 Wetter mich nicht so deprimieren würde. Seit 14 Tagen wieder kein re-
727 3609 3456 3778 genfreier Tag. Wir haben echtes Aprilwetter und dabei kaum mehr als
727 3742 3333 3904 10-12 Grad. Sonntag bin ich 3 Stunden mit A. spazieren gelaufen.
721 3875 3379 4036 Zuerst schien die Sonne, dann kam ein wolkenbruchartiger Guss, denn
733 4035 3427 4179 wieder ein bischen Sonne und noch einige Güsse. Es war aber trotz-
720 4152 3487 4295 dem so schön, wie es eben unter allen Umständen zu Zweit ist, wenn man
725 4267 1198 4391 sich liebt.
3502 127 3628 260 55
