3759 4694
603 287 812 447 bien
593 425 1245 535 22 Oktober 1927
534 554 3501 675 Mein Liebes Kind, so einfach sind die Dinge doch nicht zu erledigen, die
539 638 3496 822 einen andern Menschen in Herz und Seele treffen und es ist sehr traurig,
603 789 3409 916 dass ich dir diese Zeilen schreiben muss O. ist eben fort, und jetzt
615 922 3538 1051 dürfte ich wieder antreten und mit der Erinnerung an diese Zeit, mit der
604 1063 3506 1184 Angst vor einer Wiederholung in mir, stellst Du dir ein Zusammenkommen
2274 1142 2437 1225 nial
619 1156 3542 1348 schön und beglückend vor? Oder soll die Ciel, die Stimmung der letzten
623 1311 2576 1440 Zeit andauern, bis wir darüber zu Grunde gehen?
615 1427 3501 1557 Nie, bei allen Befürchtungen die ich schon heuer im Sommer hatte, habe
622 1584 3578 1700 ich geehnt, dass eine Situation, wie die der letzten Wochen möglich sein
617 1708 3522 1829 könnte, dass mir dein Haus wieder verschlossen sein wird und die O. wie
632 1832 3512 1965 jeden dritten oder vierten Tag bei dir sein darf. Bitte betrachte es d
633 1930 3472 2097 doch einmal mit gütigen Augen: die Frau, die man angeblich liebt wird
630 2098 3506 2246 gekränkt auf Rechnung jener, die vor 8 Jahren, mit einem andern fort-
629 2236 1191 2391 gegangen ist.
628 2359 3511 2486 Du sagst; das sind "Ausserlichkeiten "Prestige-Fragen" Aber ich möch-
628 2467 3544 2613 te wissen, - wo die Innerlichkeiten sind, wo die Liebe zu suchen ist.
786 2599 3559 2730 Ich habe durch drei volle Wochen zu allem geschwiegen, nicht mit der
2593 2703 2912 2783 fünften
2097 2698 2387 2786 vierten
620 2765 3525 2881 Wimper gezuckt und als dann in der dritten und vierten Woche meine Ker-
635 2888 3525 3028 ven nachliessen und es dir noch immer nicht einfiel, mich mit ein paar
633 2987 3453 3146 herzlichen Worten zu dir zu rufen und ich mir endlich meine Erregung
639 3133 3518 3263 und Erbitterung anmerken liess - weniger "Lieb " zu dir war", da wur-
644 3287 3578 3415 de deine Reaktion sofort einige Kälte. Ja selbst als du mich durch einen
632 3396 3503 3521 anonymen Brief (über die Besuche der 0) irritiert wustest hattest du
639 3497 3566 3641 nicht die kleinste Rücksicht nicht ein warmes Wort für mich. Wo soll ich
633 3671 3596 3797 da die Liebe für mich entdecken? Damit allein dass man behauptet man lie-
638 3781 3510 3886 be ist doch noch nichts bewiesen, wenn alle Symptome dagegen sprechen.
637 3918 3407 4029 Du sagst sehr richtig; du kannst nicht der Mutter deiner Kinder das
636 4017 3563 4147 Haus verbieten und ich habe auch nie dergleichen von dir verlangt. Aber
643 4158 3569 4294 zwischen dieser brutalen Geberde und dem Zustand wie er jetzt sich gel-
3572 111 3673 263 63
