3770 4694
2405 188 3120 396 30.8.1928. Bl.2.
582 429 1484 582 Furchtbarste geschehen
604 552 3405 696 Danke der lieben verehrten Hofrätin für die Ausschnitte aus dem Neuen
595 689 3400 822 Wiener Journal. Diese Subjekte sind, wenn sie sich sozu agen freundlich
618 817 3443 977 erweisen, - noch widerlicher beinahe als wenn sie ihrem Wesen nach über-
644 955 3496 1104 heblich und bözartig sich gebärden. Herr Schinnerer schrieb mir (gleich-
613 1070 3324 1217 falls den Ausschnitt sendend), dass der Verfasser unbekannt, sich ihm
617 1223 3454 1363 in einer Gesellschaft genähert, ihn geschickt angepumpt, erst nach einer
612 1354 3524 1504 zufälligen Unterhaltung erklärt er wolle diese Unterwaltung veröffentli-
632 1453 3354 1609 chen - auf dringendes Ersuchen Schinnerer versprochen nichts über das
627 1650 3420 1753 projektierte Buch zu bringen (Monumentalwerk) - und - sich nun ebenso
623 1732 3330 1892 verhalten, wie er um es tat.- Senzation - grosser Titel - nur darauf
624 1866 3378 2032 kommt es ihnen an., -um den Preis machen sie sogar für einen Menschen
607 1998 1822 2159 Reklam, der ihnen zuwider ist.
617 2133 3313 2263 Meine Schwester, die mir sehr lieb von Karl und Magda, (der Tochter
625 2261 3455 2423 von "Wallace" wie sie schreibt) geschrieben hat, lädt mich nach Altaus-
631 2401 3385 2507 se, -Julius nach Karlsbad ein; -ich aber denke und hoffe Dienstag Früh
631 2519 3421 2662 in Wien zurück zu sein, - und bald darauf Dich in den Armen zu halten.-
631 2650 3551 2771 Ich weiss ja nicht, ob Frieda schon in Wien ist, seit Tagen hör ich nichts
631 2770 984 2923 von ihr.
615 2928 3477 3065 Lebwohl, mein Liebes; auf diesen Brief erwarte ich natürlich keine Ant-
627 3066 2242 3199 wort mehr. Ich küsse Dich sehr. Dein A.
1798 3200 2040 3304 - - - -
