3786 4638
2061 329 2751 478 Wien, 23.7.1930.
638 350 956 503 An A.S.
643 609 3500 737 Mein liebes Kind, ich habe Dir gestern Deinem Wunsch entsprechend tele¬
639 738 1080 875 graphiert.
643 869 3457 1014 Ich bin am Dienstag Abend wirklich in recht mässiger Verfassung heim¬
646 1011 3509 1121 gekehrt. Ob die vielen Schmerzen, die ich seit 3 Wochen mitmache,
646 1134 3424 1262 tatsächlich die Anzeichen einer wohltätigen Kurwirkung sind, wird sich
646 1263 3445 1364 ja herausstellen. Dass die Kur durch meine vollständige Nervenzerrüt¬
646 1402 3403 1546 tung nicht günstig beeinflusst war, ist sicher. Aber über diese Dinge
647 1537 3422 1672 möchte ich vorderhand nicht mehr sagen, umso mehr als mein Allgemein¬
642 1621 1651 1818 befinden kein gutes ist.
651 1768 3482 1924 Nun zu Deinem Brief. Seine Beantwortung ist schwer, weil er gerade das,
667 1916 3527 2049 was Du von ihm behauptest nicht ist – nämlich weder einfach noch klar.
645 2050 1800 2177 Aber ich will es versuchen.
648 2188 3526 2330 Wenn Du sagst, dass Du mich, mein lebendiges Dasein, meine Gegenwärtigkeit
633 2312 3415 2437 aus Deiner Existenz nicht wegzudenken vermagst und annimmt, dass ich
642 2437 3395 2609 in Bezug auf Dich ebenso empfinde, so hast Du wohl Recht. Ich wage es
643 2586 3397 2716 nicht den Gedanken zu Ende zu denken und war doch fest entschlossen,
633 2669 3366 2836 wenn Deine Antwort mir keine Hoffnung für eine glücklichere Zukunft
644 2838 3409 2992 bringt, diese Wohnung zu verlassen, die Möbel teilweise meinen Kindern
632 2936 3503 3103 zu geben, alles übrige zu Geld zu machen und mir irgendwo fern von Wien
638 3070 3441 3196 eine bescheidene Existenz zu suchen. Ich wäre wahrscheinlich auf die¬
646 3220 3521 3323 sem Weg zusammengebrochen, aber das hätte sich Deiner Kenntnisse
635 3347 1047 3477 entzogen.
634 3470 3374 3617 Aber auch der Gedanke an eine Beziehung, wie sie sich in dem letzten
626 3613 3294 3713 Jahr zu entwickeln drohte, ist trostlos, wenn das, was ich in meinem
630 3738 3113 3859 letzten Schreiben Voraussetzung nannte, nicht vorhanden wäre.
630 3864 3331 4044 Um eines leisen Hoffnungsschimmers willen, einiger Worte, die in
629 4023 3486 4119 Deinem Brief eingestreut sind, mache ich vor schwerwiegenden Entschlüs¬
631 4160 3388 4290 sen Halt und versuche es noch mit meinem Herzen zu Dir zu sprechen.–
