3771 4723
704 237 1355 411 Tgb. 4.11.1930.
691 463 3484 606 5.11. A. teilt mir mit, dass Frau Clauser ihn für morgen Abend einge-
697 642 3368 747 laden hat mit ihr ins Theater zu gehen. Ich sage, ich finde es be-
741 737 3524 853 greiflich, dass er geht, aber geschmacklos von ihr ihn allein eingela-
747 902 2455 1016 den zu haben, worüber er sofort wütend ist.
746 996 3392 1114 Sekretär Weil ruft mich persönlich an, um mich um meine Stücke zur
711 1158 3460 1289 einmaligen Aufführung in der Komödie zu bitten. Ich lehne wieder ab,
742 1254 1938 1408 worüber er beleidigt scheint.
672 1420 3470 1535 Zum Thee bei Königswarter. Dann mit A. bei "Soldat Schweik" mit Pal-
696 1535 3325 1670 lenberg, der brillant ist. Abend höchst ungemütlich, weil ich Frau
703 1659 3511 1817 Clausers Einladung nicht gut heisse, ohne gegen A. irgendwie verstimmt
689 1799 1787 1924 oder unfreundlich zu sein.
683 1917 3530 2066 6.10. Frau Clauser hat plötzlich eine Loge bekommen und auch mich ein-
672 2071 3382 2194 geladen. Das hätste sie gleich tun können. Abend recht nett. Frau
695 2196 3331 2309 Clauser klagt über herzbeschwerden. Zu Dritt im Imperial nach der
696 2293 2959 2425 sehr hübschen Operette im Stadttheater "Walzer in Wien".
697 2435 3259 2599 7.11. Man spricht nur von den Wahlen. Abend Kino: "Die singende
679 2592 3365 2727 Stadt". Recht langweilig, der ganze Abend bekommen. Montag fährt A.
730 2685 1240 2840 nach Berlin.
699 2806 3399 2976 Direktor Preminger von der Josefstadt telefoniert, dass er die "Cor-
720 2959 3370 3131 day" ausserordentlich findet, aber dass sie über die Möglichkeiten
690 3101 3351 3251 des Josefstädter Theaters hinausgeht, sie nicht einmal die Nöglich-
672 3238 2093 3354 keit hätten das Stück zu besetzen.
681 3389 3317 3529 A. frug mich heute, warum ich so besonders traurig bin. Ich sagte,
683 3467 3354 3647 ich sei es nicht mehr als immer, nur dass ich manchmal zu müde bin,
671 3585 1810 3767 um mich heiter zu stellen.
670 3748 3372 3868 8.11. Viel gearbeitet. Abend im Kino "Unter den Dächern von Paris".
673 3878 3270 4019 Nachher "Linde." Auf der Heimfahrt schlaug A. seinen Arm um mich.
673 3977 3343 4175 Zärtlichkeit? Mitleid? Ich glaube nichts mehr. Zum ersten Mal seit
661 4135 3387 4303 Wochen eine herzliche Bewegung - viel leicht, weil er übernorgen nach
656 4263 1234 4419 Beelin fährt.
3527 83 3679 285 108
