3771 4723
725 294 1352 470 Tgb. 15.12.1930
739 503 3542 634 fel). Gute Aufführung, aber das Stück war mir im Lesen lieber. A.' Be-
736 633 3307 756 finden besser. In einem Zwischenakt kam Frau Clauser zu mir, die
733 783 3225 911 mit einer Freundin im Haus war und dann Helene Schnitzler. Die
733 900 3335 1043 erste freundliche Regung in dieser Familie. Sie hat offenbar von
722 1033 2930 1178 D. gehört, wie äusser mir ich über A.'s Verfassung bin.
731 1141 3499 1307 14.12. Dr.D. A. eine reizlose Diät verordnet, aber so schlampert, dass
736 1305 3411 1442 man erst nicht weiss, was er essen soll. Gegen Mittag ein wenig mit
751 1407 3388 1541 ihm spazieren gegangen. Viel Schnee. Die kleine Uplrich vom Deut-
734 1590 3426 1699 schen Volkstheater begegnet. Nachmittag bei Klara Hatvany, dann bei
712 1693 3494 1828 Cary, Magdi. Ihre Wohnung ist sehr hübsch und ich habe mich sehr wohl
741 1826 1970 1975 gefühlt, so lange ich dort war.
740 1955 3477 2059 15.12. Für die morgigen Gäste alles Nötige bestellt. Wellesz,Frieda
778 2118 3345 2208 und Bruder und Auernheimers. Auernheimer ist mir wichtig, um ihn
731 2213 3416 2341 in gute Stimmung für den "Gang zum Weiher" zu bringen. Heute Nach-
744 2353 3169 2477 mittag Frieda, die auch sehr desparat über A.'s Befinden ist.
778 2467 3498 2589 16.12. A. telefoniert, dass er sich heute viel wohler fühlt. Gestern
740 2599 3384 2717 Abend Leo Vanjung und Kaufmann bei ihm. Vanungs soll spontan von
732 2722 3358 2881 mir gesprochen haben (in sehr beifälligen Ausdrücken). Er hat ge-
776 2872 3416 2982 fragt,ob er mir Briefe, die an seinen Bruder Boris gerichtet sind,
748 2963 3098 3146 (meine erste grosse Liebe als Mädchen) zurückbringen darf.
730 3121 3523 3283 17.12. Der gestrige Abend sehr nett. A. weniger müd als sonst und ge-
735 3282 3490 3399 sprächig. Auernheimer sympathisch und anregend. Er ist kultivierter,
721 3384 3268 3504 als die "literatur" in Wien zu sein pflegt. Wetter neblig. Ich
726 3525 3314 3653 innerlich müd. Lese ein wenig und schreibe an meiner Biographie.
728 3649 3483 3812 18.12. Gestern Abend mit A. im Kino. "Westfront 1918". Erschütternd,
731 3792 3281 3923 aber nichts für unsere Nerven. Da sollen die Jungenhineingehen.
729 3912 3515 4034 19.12. Kino ("Kibitz"). Furchtbarer Schund. Dann bei A. genachtmahlt.
726 4043 3491 4182 Forciert heiter,forcierte Ungenwungenheit, aber Trockenheit im Herzen
722 4191 3373 4342 bleibt zurück. Er zeigt mir den neuen Schlafrock. Irgend ein Ver-
3562 108 3681 309 126
