3759 4630
618 387 829 530 1928
615 552 3511 668 habe. Nachm. diktiert, am Abend bei A. Es ist eine gute glückliche Zeit.
621 672 2309 830 Ich bin Gott aus tiefstem Herzenbodankbar.
618 802 3342 945 11.1. Gäste bei mir. Hofrätin Zuckerkandl,Egon und Emmi, Frieda und
600 942 3511 1079 meine Schwester Anna. Sehr netter Abend. A hinreissend, sprach unaufhör¬
656 1076 3476 1188 lich, wie ein frischer Gebirgsquell. Bertha Z. wie immer originell und
612 1248 3145 1369 amüsant. Welche Vitalität! Nachtmahl famos, alles gut geklappt.
616 1350 3340 1475 13.1. Lauter gute, runige Tage. Die Arbeit gedeiht und ich bin sehr
610 1454 1057 1601 glücklich.
601 1589 3494 1744 17.1. Olgas Geburtstag. Ich bin am Abend bei A. Er weiss nicht, dass ich
615 1718 2105 1877 daran denke, dass ihr Geburtstag ist.
611 1864 3381 1984 18.1. Gestern sehr schöner Abend bei A. Die Hand der O. ist von
619 2001 3210 2138 seinem Kamin verschwunden. Es war eine so hässliche, ungute Hand.
604 2127 2936 2253 19.1. Wetter Abend bei den Kindern in der Herbeckstrasse.
608 2214 3422 2350 21.1. Die Bäume sollen nicht in den Himmel wachsen. A. kam mich ges¬
611 2373 3363 2497 tern ins Konzert Paul Weingarten holen und teilte mir lächelnd mit,
607 2495 3381 2641 dass O. in den nächsten Tagen eintrifft und zirka eine Woche bleibt.
614 2633 1575 2772 Aegrierte Worte fallen.
606 2761 3442 2923 22.1. O. angekommen, zwei Stunden später bereits bei ihm. Muss das sein?
606 2892 3492 3010 Und wenn es auch, wie er behauptet belanglos ist, so wär er mir doch mehr
598 2991 1412 3151 Rücksicht schuldig?
613 3136 3499 3275 25.1. Heute Abend O. und die andere Antiquitätenhändlerin S. bei A. zum
601 3273 1038 3410 Nachtmahl.
631 3392 3539 3560 26.1. Im Kino mit A. Meine Stimmung elend, ich lehne es ab mit ihm nacht
600 3539 3514 3691 mahlen zu gehen. Bin zu erschüttert und verweint durch den Film
618 3665 1090 3824 "Die Weber"
638 3752 3395 3994 27.1. Mit A. im Theater, dann nachtmahlen. Er sieht elend aus. Weise,
567 3895 3328 4118 literarische und philosophische Gespräche. Er teilt mir mit, dass O.
584 4051 3454 4239 Montag den 30. fortfährt und bereits besprochen wurde, welche Möbel ihr
