3771 4658
702 365 1366 524 T gb. 27.9.1930.
767 538 3336 712 28.9. Ich rief gestern um 3/410 unter einem Vorwand bei ihm an.
734 701 3401 825 Minna sagt mir, dass A. nicht zuhause, vor einer Weile fortgegangen
740 816 3276 957 ist. Ich rufe um 3/4 11 hochmals an, die Minna ruft "Hallo",ich
733 925 3512 1063 lege das Hörrohr fort, ohne mich diesmal zu melden. Ich rufe im Hotel
741 1057 3429 1239 Regina an, frage ob Fräulein Boner da ist. Antwort: Sie wohnt dort,
758 1209 3543 1334 ist aber nicht zuhause. Heute Früh ruft A. an mit betonter Haralosig-
747 1328 3511 1514 keit. "Du hast mich gestern noch sprechen wollen". Ich: "Ja, du warst
770 1501 3397 1612 wohl bei Schmidls?". -Er; "Nein, ich war fort,- so wie du letzthin
755 1588 3362 1728 auch, als du in der Stadt warst. -Ich: "Ich mache dir auch keinen
725 1733 3275 1866 Vorwurf, wir haben beide unser Privatleben". Er: (lachend) "Ich
773 1876 3337 1977 hab halt im Gasthaus genachtmahlt wie schon öfters, nur dass du
763 1974 3432 2121 zufällig nicht angerufen hast. "Ichi" Aber jedesfalls nicht allein."
760 2153 3471 2269 Er: "Mit wem denn? Ich hab dirs ja letzthin auch gesagt, als ich mit
733 2270 3469 2398 Fräulein Boner nachtmahlte.“ Ich: (freundlich) "Nun und diesmal hast
748 2394 3586 2513 du es eben nicht gesagt.“ Er: „Ich kann schwören. “ Ich: (weiter freund-
750 2530 3510 2659 lich) "Vergiss nicht, dass du mir letzthin sagtest, auch ein Ehrenwort
753 2673 3489 2792 bedeute in solchen Dingen nichts.“ Er: "Doch, wenn ich es dir gebe.
760 2789 3324 2927 Und ich kanns dir geben". Ich : "Danke. Ich verlange keines und
795 2906 3598 3078 gebe keines. Freiheit auf beiden Seiten.“ Er: (sehr weich und freund-
792 3048 3360 3194 lich) "Ach, die Freiheiten, die ich mir nehme." Ich: "Sie sind in
752 3161 3443 3310 keinem Tropfflachherl, das man ausmachen kann, wie viel jeder davon
763 3300 3496 3422 nehmen darf." - Er: "Ist dabei, wenn man gerne mit einem
768 3458 3315 3566 klugen Wesen spricht, das einmal ein Buch über einen geschrieben
764 3554 3486 3692 hat?" -Ich: "Ich kann mich nicht erinnern, dass ich mit Géraldy sou-
761 3688 3367 3860 pieren war, weil ich seine Gedächte "Toi et moi" übersetzt haben.
747 3810 3291 3949 Ja, wenn ich xxx xxx ihn ja auch nur mit Andern hätte einladen
799 3986 3482 4117 wollen, hättest du es als lächerlich erklärt. - "Er behauptet weiter,
763 4106 3334 4220 gestern allein gewesen zu sein, aber dass Fräulein Boner morgen
