3690 4682
2575 276 3224 445 Wien, 13.2.1926.
547 307 1409 489 An A.S. nach Berlin.
608 571 1020 771 Liebster,
975 699 3263 888 heute kam Dein vorgestriger Bericht Nr.3,für den ich Dir
569 868 3353 994 herzlich danke. Hoffentlich finden alle Deine Berliner Verhandlungen
571 1028 3403 1145 den gewünschten Abschluss und Du fährst nach jeder Richtung befriedigt
574 1123 3347 1248 fort. Die Fein halte ich allerdings für eine unmögliche Aurelie, ihr
561 1290 3363 1417 Mund mauschelt, ehe sie ihn aufmacht und auch sonst ist sie eher miez.
790 1404 3464 1557 Dass die "else" -Aufführung mit der Bergner ein Ereignis wäre,
570 1547 3447 1705 habe ich Dir gesagt, wie Du mir die wovelle vorgelesen hast. Ob Barnows-
579 1677 3341 1806 ky das zu inszenieren versteht, darüber fehlt mir natürlich jedes Ur-
559 1795 3413 1925 teil. Schade, wenn sich Reinhardt das entgehen lässt, obgleich der viel-
557 1898 3378 2058 leicht ein Zuviel täte. Gestern war in der Presse eine Notiz über die
561 2071 3424 2221 Vorlesung ("Elze") unter dem Titel "Schnitzler-Abend in Berlin", die ich
558 2180 2334 2357 Dir aufhebe und die sehr begeistert lautet.
956 2298 3299 2471 Ueber Dein weiteres Programm höre ich wohl erst Montag, da
563 2440 3326 2581 ja morgen nur Expresspost ausgetragen wird. Es tut mir wirklich sehr
571 2561 3243 2723 leid, dass Heinig Unpässlichkeit gerade in die Zeit Deines dortigen
1991 2678 2205 2763 Dich
552 2691 3535 2816 Aufenthaltes fällt. Hoffentlich habe Du die so vielseitige Inanspruchsah-
553 2828 3279 3007 me dort nicht zu sehr ermüdet und Du fühlst Dich frisch und munter.
550 2983 3092 3097 Weiter alles Gute und Schöne und eine herzliche Umarmung. Deine
2994 3118 3214 3250 C.K.
3434 110 3575 291 280
