3742 3330
1475 95 2386 370 ﻿Aus ents harte
794 395 1054 559 3. 7.
391 523 1257 672 Balzburg 30-6. 1924
361 637 3254 822 Heute Mittag hier angelangt, nach guter Nachtfahrt in leerem Coupe' und
331 778 3418 921 Plauderstündchen von München bis hierher mit Baron Frankenstein (Intendant)-
340 946 3317 1070 - In den paar Stunden meines Hierseins ein halbes Dutzend mehr und minder
315 1049 3125 1210 Bekanntes gesprochen. Schwüler Tag, froh dass ich auf dem Heinweg bin
306 1153 1237 1318 Tausend Grüsse A. S.
3493 64 3614 269 73
