3782 4710
708 189 1350 376 Tgb. 26.4.1930.
702 411 3312 541 artigen Kritik über "Spiel der Sommerlüfte" zu entschuldigen. Er
761 600 3473 698 sagte: "Schnitzler hat Oesterreich entdeckt, erfunden, die Landschaft,
709 702 2479 860 die Menschen, alles hat er uns erst gegeben.
699 892 3464 1030 Gestern Abend Tonfilm mit A. "Blauer Engel " mit Jannings. Unerträg-
700 1024 3479 1116 lich und langx langweilig wie alle Tonfilms. A. erzählt mir, dass die
697 1158 3472 1292 u. schrieb, sie will jetzt nicht nach Wien kommen. Ich: "Nun, Du wirst
699 1323 3552 1478 sie doch nicht zwingen?" Er: (verlegen) "Nein, gewiss nicht. "Ich: "Viel-
705 1486 3427 1609 leicht unterhält sie sich in Berlin". Er: "Schon möglich, ich wünsch
748 1608 3554 1738 es ihr von ganzem Herzen". Später am Abend sagt er mir, dass er morgen
718 1751 3384 1885 (also heute Früh) mit Heini telefonisch alles besprechen will und
710 1887 3411 1997 um den 20.Mai herum will er mit mir eine kleine Reise machen. Ich:
699 2016 3380 2129 "So? Das wär nett. Bis jetzt hast Du nur immer gesagt, dass Dir je-
698 2115 3554 2246 der Gedanke an eine Reise zuwider ist." - Er: "Nun ja, die Reise selbst,
715 2270 3455 2394 aber da man es doch nicht umgehen kann, wenn man an einen andern Ort,
718 2401 3416 2548 in eine andere Umgebung will, so bleibt einem nichts anderes übrig."
714 2533 3521 2639 (Ich fühle leider die Falschheit heraus. Er will offenbar die Familie
713 2639 3312 2763 wo anders treffen, da es der 0. nicht zu passen scheint hieher zu
711 2813 3469 2923 kommen. Und um mir den Mund zu stopfen verspricht er mir diese klei-
2680 2877 2807 2966 bien
713 2928 2811 3049 ne Reise. Ach, wenn ich doch nur dümmer wär als ich.)
745 3044 3341 3174 11. Uhr Vormittag. Also A. hat mit Heini gesprochen. Die O. geht
714 3124 848 3219 2 K.
754 3164 3413 3305 heute zu einem Arzt und es hängt von dessen Verordnungen ab, wo man
704 3294 3363 3432 sich trifft. Das war desøPudels Kern. Ich sage sehr liebens würdig:
716 3439 3347 3606 "Ja, ja, so" - und spreche dann von Gleichgültigem. Ich lasse es zu
713 3555 3496 3692 keiner Szene kommen, um keinen Preis der Welt, ich beisse die Zähne zu-
695 3689 1025 3833 sammen.
707 3866 3391 4004 28.4. Ich bin krank. Gestern ab 5 Uhr Nachmittag hatte ich schwere
702 4046 3400 4160 Gallensteinanfälle. Ich schleppte mich den ganzen Vormittag. Harry
697 4169 3497 4343 war zu Tisch bei mir. Nachher legte ich mich auf den Divan, eine halbe
3583 98 3676 262 36
