3771 4654
744 172 1341 387 Tgb. 5.3.1931
741 360 3477 522 6.3.1931. Derselbe Zustand wie gestern.Auch Prof.Sternberg hat ihn
710 511 3433 687 angesehen, Temperatur 39.3 um 3 Uhr Nachmittag. Ich war von 1-5 bei
716 645 3546 839 ihm. Ging fort, weil ich das Gefühl hatte Magdi will lieber allein mit
720 783 3519 972 ihm mein. A. telefoniert wie eben andere auch. Zwei Abende, die ich
707 930 3481 1123 hier einsam verbringe,es kümmert ihn nicht. Wenn nur Carry bald ge-
751 1075 1178 1232 und ist!
710 1110 3477 1317 7.3.1931. Carry im gleichen, alles ungeklärt, ich bin verzweifelt. A.
750 1319 3530 1501 Vormittag 10 Uhr bei mir. Explosion. Bezsere Basis. Den ganzen Nach-
713 1446 2470 1617 mittag bei Carry,Schnee,Kälte, alles grau.
702 1544 3539 1738 8.3.1931. Vormittag mit A. bei Carry. Julius kam einen Augenblick ge-
703 1713 3388 1877 rein, sprach nicht ein Wort zu mir und ging nach zwei Minuten mit
709 1858 3463 2009 seinem Bruder fort, Carrys Befinden trotz neuer Therapie ganz das-
710 1831 2198 2013 seinem Bruder fort. Carrys Befinden
717 1950 3020 2122 selbe. Chimin - Tropfclysma. Temperatur Nachmittag 39.2.
712 2101 3580 2260 Abend mit A. im Kino(der darauf bestand), dann inpeinem Beisel gemacht-
717 2254 3108 2420 mahlt. Meine Stimmung trostlos, Kälte und Schnee anhaltend.
707 2352 3456 2534 9.3.1931.Nachmittag bei Carry. Temperatur um 3 Uhr 29.5.Abend 38.3
699 2500 3574 2667 Abend rief mich Assistent Popper an, der mir sagte, dass er heute Carrys
689 2631 3588 2769 Befinden günstiger beurteile. Ich sehe erst recht, dass ich mit meinen
713 2753 3499 2947 Ahnungen Recht habe. A. wollte wieder ins Kino, aber ich bat ihn lie-
757 2891 3625 3067 ber zuhause bleiben zu dürfen. Er war sehr nett, kam herüber. Nachtmahl
696 3014 3633 3146 wurde von der Sternwartestrasse und was ich eben zuhaume hatte zusammen-
760 3147 3421 3294 gestellt. A. hörte Radio zu, meist mit geschlossenen Augen und ich
745 3284 1105 3442 weinte.
716 3340 3591 3555 12.3.Carry 40 Grad. Benommenheit. Julius kam Nachmittags nochmals,intra-
689 3531 3049 3712 venöse Injektion mir Argotrom, was kann man da noch sagen.
684 3674 3370 3819 13.3. War um 11 Uhr im Spital, da Morgentemperatur schon 39. Carry
718 3807 3517 3992 erlaubte nicht, dass ich hinein komme, weil die Hausordnung Besuche vor
702 3921 3377 4116 1 Uhr verbietet. Ging zwei Stunden vor meiner Türe auf und ab, bat
745 4060 2648 4226 alle nichts von meiner Anwesenheit zu sagen.
710 4221 3384 4383 Temperatur etwas gesunken. Gegen 1 Uhr kam A. und ging mit mir zu
706 4316 991 4502 V.F.F
3563 99 3738 276 156
