3770 4718
2540 332 3322 513 19.4.1928. Bl.2.
789 555 3317 687 wieder einmal, dass Ansichten nicht sehr belangvoll sind und es
787 691 2229 828 nur auf die Persönlichkeit ankommt.
775 802 3516 937 Heute Früh fahren wir wieder nach Athen, holen Mimi und Viki aus dem
788 935 3478 1076 Hotel und fahren gleich weiter (fünf Minuten kaum) auf die Akropo-
785 1070 3351 1200 lis; - die heute weisser scheint als sie ist; Wandeln im Sonnen-
2555 1175 2811 1260 Maasse
792 1207 3425 1348 glanz zwischen Tempeln, Trümmern, Säulen; die Masse sind überwälti-
794 1363 3234 1500 gend - die Ausblicke nach allen Seiten, auch ohne hysterische
1957 1426 2235 1524 selbst
785 1458 3441 1609 Schauer ergreifend. Die Stadt hat sich in den letzten Jahren un-
783 1606 3301 1723 geheuer ausgedehnt - aus einem Flüchtlingslager grössten Stils
777 1748 3305 1839 beginnt sie sich allmählig zu einer Grossstadt zu entwickeln -
782 1881 3354 2001 vorläufig aber sehen die neuen Stadttheile wie versteinerte Ba-
772 2026 3364 2121 rackenlager aus. Man sagt mir, dass heute schon nahezu eine Mil-
788 2147 3394 2251 lion Menschen in Athen wohnen - vor dem Krieg waren es kaum mehr
793 2244 1368 2393 als 150.000.-
796 2350 3426 2495 - Wir sassen auf den Stufen des Parthenon (es bleibt einem nichts
783 2536 3494 2657 anderesübrig, wenn man müde wird); dann machten wir noch eine kleine
776 2652 3294 2776 Rundfahrt, um aller Antikef zu besehen, grösseres und kleineres.
782 2789 3435 2900 Gemeinsames Mittage sen im Hotel (das höchst international ist). -
786 2895 3415 3027 Um 4 fuhren wir wieder an den Piräus zurück - aufs Schiff, das nun
787 3052 3461 3182 auch eine vorübergehende - Heimat ist. Ich fand (als einzige Nach-
776 3165 3237 3304 richt) Deine als zweite bezeichnete Karte - eine erste aber
782 3294 3291 3419 habe ich nie erhalten. Hoffentlich kommt sie noch nach, ehe wir
773 3427 3372 3550 morgen Nachmittag den Piräus verlassen. Dies hier ist, von 4 oder
781 3543 2412 3718 5 Karten abgesehen, mein 3. Brief an Dich.
2209 3702 2728 3818 Piräus, 20.4.
786 3843 3456 3969 Ich setze den Brief heute Morgen fort. Gestern wurde ich durch die
782 3959 3415 4084 aus dem nächtlichen Athen etwas verfrüht rückkehrenden Kinder ge-
779 4084 3281 4240 stört. Es gab drüben nicht einmal Gelegenheit zu tanzen. Ueber
771 4229 3377 4330 das Schiff wäre noch etliches zu sagen. Dass es 24 Jahre alt ist,
2442 4315 2558 4396 nous
756 4365 3294 4529 habe ich Dir schon geschrieben. Ich habe eine leidlich ge-
3561 126 3691 263 106
