<?xml version="1.0" encoding="UTF-8" standalone="yes"?>
<PcGts xmlns="http://schema.primaresearch.org/PAGE/gts/pagecontent/2013-07-15" xmlns:xsi="http://www.w3.org/2001/XMLSchema-instance" xsi:schemaLocation="http://schema.primaresearch.org/PAGE/gts/pagecontent/2013-07-15 http://schema.primaresearch.org/PAGE/gts/pagecontent/2013-07-15/pagecontent.xsd">
    <Metadata>
        <Creator>prov=READ-COOP:name=TrHtr:version=0.0.6:model_id=44522:date=18_11_2022_03:24</Creator>
        <Created>2022-11-17T16:34:13.640+01:00</Created>
        <LastChange>2022-11-18T03:24:02.619Z</LastChange>
        <TranskribusMetadata docId="1233893" pageId="50259687" pageNr="80" tsid="104225760" status="IN_PROGRESS" userId="40391" imgUrl="https://files.transkribus.eu/Get?id=IHXCMVORKCGSKLAYFRKZGYAP&amp;fileType=view" xmlUrl="https://files.transkribus.eu/Get?id=MVAYQBOYXNYJTLUDRGSAQAHC" imageId="41048866"/>
    </Metadata>
    <Page imageFilename="HIN-155550_0080.tif" imageWidth="3730" imageHeight="4666">
        <ReadingOrder>
            <OrderedGroup id="ro_1670241783549" caption="Regions reading order">
                <RegionRefIndexed index="0" regionRef="r1"/>
            </OrderedGroup>
        </ReadingOrder>
        <TextRegion id="r1" custom="readingOrder {index:0;}">
            <Coords points="558,115 558,4360 3561,4360 3561,115"/>
            <TextLine id="r1l1" custom="readingOrder {index:0;}">
                <Coords points="2165,380 2332,368 2365,397 2390,379 2503,397 2586,357 2623,386 2706,382 2750,353 2815,356 2815,244 2739,273 2608,255 2564,284 2412,248 2321,289 2165,249"/>
                <Baseline points="2183,336 2213,338 2244,339 2274,341 2305,341 2336,342 2366,342 2397,342 2428,342 2458,342 2489,342 2520,342 2550,341 2581,341 2612,341 2642,339 2673,339 2704,339 2734,338 2765,338 2796,338"/>
                <TextEquiv>
                    <Unicode>Wien, 21.7.1923.</Unicode>
                </TextEquiv>
            </TextLine>
            <TextLine id="r1l2" custom="readingOrder {index:1;}">
                <Coords points="591,604 3205,590 3372,535 3371,423 590,481"/>
                <Baseline points="608,539 745,539 882,540 1019,540 1157,540 1294,540 1431,540 1569,540 1706,539 1843,539 1981,537 2118,537 2255,536 2392,535 2530,534 2667,533 2804,533 2942,533 3079,531 3216,531 3354,531"/>
                <TextEquiv>
                    <Unicode>Liebste Clara Katharina, als ich gestern von einer kleinen Autofahrt</Unicode>
                </TextEquiv>
            </TextLine>
            <TextLine id="r1l3" custom="readingOrder {index:2;}">
                <Coords points="557,692 3372,681 3262,579 557,623"/>
                <Baseline points="576,669 714,671 853,671 992,671 1131,671 1270,671 1409,671 1547,671 1686,671 1825,669 1964,669 2103,668 2242,668 2381,668 2519,666 2658,666 2797,666 2936,665 3075,665 3214,665 3353,665"/>
                <TextEquiv>
                    <Unicode>mit Dr. Lichtenstern (Hotel Radetzki, Hubertushof), wo wir nachtmahlten,</Unicode>
                </TextEquiv>
            </TextLine>
            <TextLine id="r1l4" custom="readingOrder {index:3;}">
                <Coords points="573,855 3365,837 3408,731 572,728"/>
                <Baseline points="591,800 731,801 871,801 1011,801 1151,801 1291,801 1431,801 1571,800 1711,800 1851,800 1991,798 2131,798 2271,797 2411,797 2551,795 2691,795 2831,795 2971,795 3111,795 3251,795 3392,797"/>
                <TextEquiv>
                    <Unicode>zurückkamen, fand ich Deine Depesche - und eben in früher Morgenstunde</Unicode>
                </TextEquiv>
            </TextLine>
            <TextLine id="r1l5" custom="readingOrder {index:4;}">
                <Coords points="566,961 3206,967 3205,862 2907,841 565,859"/>
                <Baseline points="585,932 715,932 845,933 975,933 1105,933 1235,933 1365,932 1495,932 1625,932 1755,932 1885,930 2015,930 2145,929 2275,929 2405,929 2535,927 2665,927 2795,927 2925,927 3055,927 3186,927"/>
                <TextEquiv>
                    <Unicode>kommt Dein Brief. Im Grunde bin ich nicht erstaunt, ja mir ist, als</Unicode>
                </TextEquiv>
            </TextLine>
            <TextLine id="r1l6" custom="readingOrder {index:5;}">
                <Coords points="555,1084 3399,1064 2741,946 555,986"/>
                <Baseline points="575,1059 715,1061 855,1061 995,1061 1136,1061 1276,1061 1416,1061 1556,1061 1697,1061 1837,1059 1977,1059 2117,1058 2258,1058 2398,1056 2538,1056 2678,1056 2819,1055 2959,1055 3099,1055 3239,1053 3380,1053"/>
                <TextEquiv>
                    <Unicode>hätt ich's vorausgewusst, dass Du in Heringsdorf nicht aushalten wirzt.</Unicode>
                </TextEquiv>
            </TextLine>
            <TextLine id="r1l7" custom="readingOrder {index:6;}">
                <Coords points="588,1200 2713,1241 3257,1214 3326,1112 588,1131"/>
                <Baseline points="606,1191 741,1191 876,1191 1011,1191 1146,1191 1281,1191 1416,1191 1551,1191 1686,1191 1821,1191 1957,1190 2092,1190 2227,1188 2362,1188 2497,1188 2632,1187 2767,1187 2902,1185 3037,1184 3172,1184 3308,1182"/>
                <TextEquiv>
                    <Unicode>Allerdings der Termin Übertrifft meine Erwartungen. Weimar wird</Unicode>
                </TextEquiv>
            </TextLine>
            <TextLine id="r1l8" custom="readingOrder {index:7;}">
                <Coords points="556,1346 3174,1378 3403,1345 3402,1233 555,1259"/>
                <Baseline points="573,1320 713,1322 854,1323 994,1323 1135,1325 1275,1325 1416,1325 1556,1325 1697,1323 1837,1323 1978,1323 2119,1322 2259,1322 2400,1320 2540,1320 2681,1319 2821,1319 2962,1317 3102,1317 3243,1317 3384,1316"/>
                <TextEquiv>
                    <Unicode>Dir eine rechte Erholung sein; vielleicht wählst Du einen thüringer Ort</Unicode>
                </TextEquiv>
            </TextLine>
            <TextLine id="r1l9" custom="readingOrder {index:8;}">
                <Coords points="562,1477 3031,1491 3438,1454 3438,1352 562,1357"/>
                <Baseline points="581,1449 730,1451 879,1452 1029,1452 1178,1454 1328,1454 1477,1454 1626,1454 1776,1454 1925,1454 2075,1454 2224,1454 2374,1452 2523,1452 2672,1451 2822,1451 2971,1449 3121,1448 3270,1446 3420,1446"/>
                <TextEquiv>
                    <Unicode>für die näch ten Wochen oder Tage? Bodensee hätte vor allem das Bad für</Unicode>
                </TextEquiv>
            </TextLine>
            <TextLine id="r1l10" custom="readingOrder {index:9;}">
                <Coords points="875,1540 893,1540 908,1525 919,1525 937,1536 948,1529 962,1536 977,1525 995,1525 995,1467 973,1467 966,1460 908,1463 893,1453 875,1453"/>
                <Baseline points="894,1518 921,1518 948,1518 975,1518"/>
                <TextEquiv>
                    <Unicode>gibt</Unicode>
                </TextEquiv>
            </TextLine>
            <TextLine id="r1l11" custom="readingOrder {index:10;}">
                <Coords points="551,1593 3442,1646 3442,1497 551,1510"/>
                <Baseline points="570,1584 712,1584 855,1584 997,1584 1140,1584 1283,1584 1425,1584 1568,1584 1711,1584 1853,1583 1996,1583 2139,1583 2281,1583 2424,1581 2567,1581 2709,1581 2852,1580 2995,1580 3137,1580 3280,1580 3423,1580"/>
                <TextEquiv>
                    <Unicode>sich, es ganz ja (sieh nur im Bädecker nach) so vieles äusser dem Insel-</Unicode>
                </TextEquiv>
            </TextLine>
            <TextLine id="r1l12" custom="readingOrder {index:11;}">
                <Coords points="558,1764 2708,1783 3376,1749 3448,1644 558,1655"/>
                <Baseline points="576,1715 718,1715 861,1716 1003,1716 1146,1716 1289,1716 1431,1716 1574,1716 1717,1716 1859,1716 2002,1715 2145,1715 2287,1715 2430,1713 2573,1713 2715,1713 2858,1713 3001,1713 3143,1713 3286,1713 3429,1713"/>
                <TextEquiv>
                    <Unicode>Hotel, das jetzt wahrscheinlich auch Riesenpreise haben dürfte. Aber die</Unicode>
                </TextEquiv>
            </TextLine>
            <TextLine id="r1l13" custom="readingOrder {index:12;}">
                <Coords points="557,1870 3044,1916 3440,1897 3440,1788 556,1765"/>
                <Baseline points="575,1847 717,1845 859,1845 1002,1845 1144,1845 1287,1845 1429,1845 1571,1845 1714,1845 1856,1845 1999,1845 2141,1845 2283,1845 2426,1845 2568,1845 2711,1845 2853,1845 2995,1844 3138,1844 3280,1844 3423,1842"/>
                <TextEquiv>
                    <Unicode>Auswahl ist ja so gross - es kann Dir nichts passieren. Meine vorläu-</Unicode>
                </TextEquiv>
            </TextLine>
            <TextLine id="r1l14" custom="readingOrder {index:13;}">
                <Coords points="561,1993 3404,1984 3182,1886 561,1891"/>
                <Baseline points="579,1974 719,1976 859,1976 1000,1976 1140,1976 1281,1976 1421,1976 1561,1976 1702,1976 1842,1976 1983,1976 2123,1976 2263,1976 2404,1976 2544,1976 2685,1974 2825,1974 2965,1974 3106,1974 3246,1974 3387,1974"/>
                <TextEquiv>
                    <Unicode>figen Pläne, mit Heini circa 6. oder 7. in Hundseck über Baden-Baden zu-</Unicode>
                </TextEquiv>
            </TextLine>
            <TextLine id="r1l15" custom="readingOrder {index:14;}">
                <Coords points="540,2117 3395,2154 3395,2016 540,2045"/>
                <Baseline points="558,2103 698,2103 839,2105 980,2105 1121,2106 1262,2106 1403,2106 1543,2106 1684,2106 1825,2106 1966,2106 2107,2106 2248,2106 2389,2106 2529,2105 2670,2105 2811,2105 2952,2105 3093,2105 3234,2106 3375,2106"/>
                <TextEquiv>
                    <Unicode>swammenzutreffen, vielleicht kleine Fusswanderung mit ihm, zwischen 14. und</Unicode>
                </TextEquiv>
            </TextLine>
            <TextLine id="r1l16" custom="readingOrder {index:15;}">
                <Coords points="554,2252 3491,2255 3408,2153 2943,2112 554,2172"/>
                <Baseline points="570,2235 715,2235 860,2235 1005,2235 1150,2235 1296,2235 1441,2235 1586,2237 1731,2237 1876,2237 2022,2237 2167,2237 2312,2237 2457,2237 2602,2237 2748,2237 2893,2237 3038,2237 3183,2237 3328,2237 3474,2237"/>
                <TextEquiv>
                    <Unicode>17. an den Bodensee und zwar würde ich Friedrichshafen wählen, das noch im</Unicode>
                </TextEquiv>
            </TextLine>
            <TextLine id="r1l17" custom="readingOrder {index:16;}">
                <Coords points="540,2386 3474,2383 3053,2274 540,2291"/>
                <Baseline points="560,2361 704,2363 849,2364 994,2366 1139,2366 1284,2366 1429,2366 1574,2367 1719,2367 1864,2367 2009,2366 2153,2366 2298,2366 2443,2366 2588,2366 2733,2366 2878,2366 3023,2364 3168,2364 3313,2366 3458,2366"/>
                <TextEquiv>
                    <Unicode>Württenbergischen liegt, wodurch ich die bayrischen Schikanen (Einreise-</Unicode>
                </TextEquiv>
            </TextLine>
            <TextLine id="r1l18" custom="readingOrder {index:17;}">
                <Coords points="561,2513 3448,2526 3372,2424 2584,2395 561,2433"/>
                <Baseline points="579,2492 721,2493 864,2495 1006,2496 1149,2496 1291,2496 1434,2496 1576,2496 1719,2496 1861,2496 2004,2496 2146,2496 2289,2496 2431,2495 2574,2495 2716,2495 2859,2495 3001,2496 3144,2496 3286,2498 3429,2499"/>
                <TextEquiv>
                    <Unicode>bewilligung, Aufenthaltsgenehmigungen etc) vermiede. Von Friedrichshafen</Unicode>
                </TextEquiv>
            </TextLine>
            <TextLine id="r1l19" custom="readingOrder {index:18;}">
                <Coords points="547,2662 3281,2631 3281,2547 3129,2540 547,2539"/>
                <Baseline points="564,2622 699,2624 834,2624 969,2624 1104,2624 1239,2625 1374,2625 1509,2625 1644,2625 1779,2625 1914,2625 2049,2625 2184,2625 2319,2625 2454,2625 2589,2625 2724,2625 2859,2625 2994,2625 3129,2625 3264,2625"/>
                <TextEquiv>
                    <Unicode>nach Constanz ist nur eine Stunde, und von Friedrichshafen kommt man</Unicode>
                </TextEquiv>
            </TextLine>
            <TextLine id="r1l20" custom="readingOrder {index:19;}">
                <Coords points="604,2786 3447,2763 3196,2683 604,2677"/>
                <Baseline points="623,2753 763,2753 903,2754 1043,2754 1184,2754 1324,2754 1464,2755 1604,2756 1745,2756 1885,2756 2025,2756 2165,2756 2306,2756 2446,2756 2586,2756 2726,2756 2867,2756 3007,2756 3147,2756 3287,2756 3428,2756"/>
                <TextEquiv>
                    <Unicode>Über Rohrschach am bequemsten in die Schweiz. Am bequementen von da aus</Unicode>
                </TextEquiv>
            </TextLine>
            <TextLine id="r1l21" custom="readingOrder {index:20;}">
                <Coords points="553,2927 3440,2930 3466,2813 553,2800"/>
                <Baseline points="572,2886 715,2886 859,2886 1003,2886 1147,2886 1291,2886 1435,2886 1578,2886 1722,2886 1866,2886 2010,2886 2154,2886 2298,2886 2442,2886 2585,2886 2729,2888 2873,2888 3017,2888 3161,2888 3305,2888 3449,2888"/>
                <TextEquiv>
                    <Unicode>läge das Engadin. Doch das möchte ich heute noch nicht festlegen. Immer</Unicode>
                </TextEquiv>
            </TextLine>
            <TextLine id="r1l22" custom="readingOrder {index:21;}">
                <Coords points="556,3073 3279,3047 3326,2905 2778,2977 556,2927"/>
                <Baseline points="575,3014 711,3015 848,3015 984,3015 1121,3017 1258,3017 1394,3017 1531,3017 1668,3018 1804,3018 1941,3018 2078,3018 2214,3018 2351,3018 2488,3018 2624,3018 2761,3018 2898,3018 3034,3018 3171,3018 3308,3018"/>
                <TextEquiv>
                    <Unicode>wäre der Schwarzwald in Betracht zu ziehen, der ja unermesslich reich</Unicode>
                </TextEquiv>
            </TextLine>
            <TextLine id="r1l23" custom="readingOrder {index:22;}">
                <Coords points="554,3172 3412,3212 3467,3111 554,3081"/>
                <Baseline points="573,3141 716,3143 860,3144 1004,3146 1147,3146 1291,3147 1435,3147 1578,3147 1722,3147 1866,3147 2010,3147 2153,3147 2297,3149 2441,3149 2584,3149 2728,3149 2872,3149 3015,3150 3159,3150 3303,3152 3447,3153"/>
                <TextEquiv>
                    <Unicode>an hübschen Orten ist. Willst Du Dir jetzt etwas im Schwarzwald anzehen,</Unicode>
                </TextEquiv>
            </TextLine>
            <TextLine id="r1l24" custom="readingOrder {index:23;}">
                <Coords points="2245,3215 2324,3233 2339,3219 2466,3231 2506,3211 2525,3212 2526,3172 2494,3160 2436,3165 2411,3145 2400,3156 2363,3158 2342,3146 2312,3160 2302,3148 2247,3146"/>
                <Baseline points="2262,3200 2289,3202 2316,3205 2344,3207 2371,3209 2398,3210 2426,3210 2453,3211 2480,3210 2508,3209"/>
                <TextEquiv>
                    <Unicode>Feldberg</Unicode>
                </TextEquiv>
            </TextLine>
            <TextLine id="r1l25" custom="readingOrder {index:24;}">
                <Coords points="558,3288 3467,3306 3467,3190 558,3175"/>
                <Baseline points="578,3273 721,3275 865,3275 1008,3276 1152,3276 1296,3278 1439,3278 1583,3278 1726,3279 1870,3279 2014,3279 2157,3279 2301,3281 2444,3281 2588,3281 2732,3281 2875,3281 3019,3281 3162,3281 3306,3281 3450,3281"/>
                <TextEquiv>
                    <Unicode>so wäre vielleicht an das höchst gelegene Feldbogar (über 1200 m) zu den-</Unicode>
                </TextEquiv>
            </TextLine>
            <TextLine id="r1l26" custom="readingOrder {index:25;}">
                <Coords points="546,3419 2478,3446 2435,3300 2198,3369 1959,3310 833,3372 546,3317"/>
                <Baseline points="563,3407 657,3405 752,3405 847,3405 942,3405 1037,3405 1132,3405 1226,3405 1321,3407 1416,3407 1511,3407 1606,3408 1701,3408 1796,3408 1890,3408 1985,3410 2080,3410 2175,3410 2270,3409 2365,3408 2460,3408"/>
                <TextEquiv>
                    <Unicode>ken, wo es ein vortreffliches Hotel geben soll.-</Unicode>
                </TextEquiv>
            </TextLine>
            <TextLine id="r1l27" custom="readingOrder {index:26;}">
                <Coords points="615,3564 2961,3606 3458,3589 3459,3481 616,3451"/>
                <Baseline points="635,3534 775,3536 915,3536 1055,3537 1196,3537 1336,3537 1476,3539 1617,3539 1757,3539 1897,3539 2038,3539 2178,3540 2318,3540 2458,3540 2599,3540 2739,3540 2879,3542 3020,3542 3160,3542 3300,3543 3441,3543"/>
                <TextEquiv>
                    <Unicode>In meinem Hause ist wes jetzt wirklich fabelhaft still, wenn nicht Film-</Unicode>
                </TextEquiv>
            </TextLine>
            <TextLine id="r1l28" custom="readingOrder {index:27;}">
                <Coords points="553,3665 3443,3728 3443,3568 553,3582"/>
                <Baseline points="570,3663 712,3665 855,3665 998,3666 1141,3666 1283,3666 1426,3668 1569,3668 1712,3668 1854,3668 1997,3668 2140,3669 2283,3669 2425,3669 2568,3669 2711,3670 2854,3671 2996,3671 3139,3672 3282,3672 3425,3674"/>
                <TextEquiv>
                    <Unicode>leute es mit ihrem Lärm erfüllen. Schon drei Besprechungenllegen hinter</Unicode>
                </TextEquiv>
            </TextLine>
            <TextLine id="r1l29" custom="readingOrder {index:28;}">
                <Coords points="545,3843 3373,3805 3163,3706 545,3727"/>
                <Baseline points="564,3795 703,3795 843,3795 982,3797 1122,3797 1261,3797 1401,3797 1540,3797 1680,3797 1819,3798 1959,3798 2098,3798 2238,3798 2377,3798 2517,3800 2656,3800 2796,3800 2935,3800 3075,3800 3214,3800 3354,3800"/>
                <TextEquiv>
                    <Unicode>mir; die Korrektur der Affichen ist ziemlich beendet. In der nächsten</Unicode>
                </TextEquiv>
            </TextLine>
            <TextLine id="r1l30" custom="readingOrder {index:29;}">
                <Coords points="545,3960 3435,3971 3436,3862 545,3843"/>
                <Baseline points="564,3921 706,3923 849,3924 992,3926 1135,3927 1277,3927 1420,3927 1563,3929 1706,3929 1848,3929 1991,3929 2134,3929 2277,3929 2419,3929 2562,3929 2705,3929 2848,3930 2990,3930 3133,3931 3276,3932 3419,3933"/>
                <TextEquiv>
                    <Unicode>Woche erscheinen Interessenten aus Amerika und Frankreich, mit denen ich</Unicode>
                </TextEquiv>
            </TextLine>
            <TextLine id="r1l31" custom="readingOrder {index:30;}">
                <Coords points="557,4108 3030,4103 3389,4079 3389,3991 557,3999"/>
                <Baseline points="576,4055 715,4056 855,4056 995,4056 1135,4058 1274,4058 1414,4058 1554,4058 1694,4059 1833,4059 1973,4059 2113,4059 2253,4059 2392,4059 2532,4061 2672,4061 2812,4061 2951,4061 3091,4062 3231,4062 3371,4062"/>
                <TextEquiv>
                    <Unicode>persönlich unterhandeln muss, weil ihre Wünsche hinsichtlich Adaptionen</Unicode>
                </TextEquiv>
            </TextLine>
            <TextLine id="r1l32" custom="readingOrder {index:31;}">
                <Coords points="560,4214 3475,4235 3476,4134 560,4112"/>
                <Baseline points="578,4187 722,4187 866,4188 1010,4190 1154,4190 1298,4190 1442,4190 1586,4190 1730,4191 1874,4190 2018,4190 2162,4190 2306,4191 2450,4191 2594,4191 2738,4191 2882,4193 3026,4193 3170,4194 3314,4196 3459,4199"/>
                <TextEquiv>
                    <Unicode>etc. wahrhaft ungeheuerlich sind. So wünscht der französische Bewerber,</Unicode>
                </TextEquiv>
            </TextLine>
            <TextLine id="r1l33" custom="readingOrder {index:32;}">
                <Coords points="544,4334 3304,4355 3304,4283 2930,4238 544,4254"/>
                <Baseline points="563,4319 699,4320 835,4322 971,4322 1107,4323 1243,4323 1379,4323 1515,4323 1651,4323 1787,4323 1924,4323 2060,4323 2196,4325 2332,4325 2468,4325 2604,4325 2740,4325 2876,4326 3012,4328 3148,4328 3285,4329"/>
                <TextEquiv>
                    <Unicode>dass der Medardus begnadigt wird - der Amerikaner nichts Geringeres,</Unicode>
                </TextEquiv>
            </TextLine>
            <TextLine id="r1l34" custom="readingOrder {index:33;}">
                <Coords points="3475,288 3501,291 3512,280 3533,277 3548,266 3581,266 3581,128 3559,128 3541,117 3537,121 3526,117 3497,146 3475,142"/>
                <Baseline points="3492,215 3526,218 3561,215"/>
                <TextEquiv>
                    <Unicode>31</Unicode>
                </TextEquiv>
            </TextLine>
            <TextEquiv>
                <Unicode>
































</Unicode>
            </TextEquiv>
        </TextRegion>
    </Page>
</PcGts>
