3690 4686
2926 291 3288 474 6.12.27.
904 462 3337 627 Die Tage vergehen in Windeseile und werden mir viel zu kurz.
619 636 3223 748 Andererseits bin ich meist zu müde, um sie in die Nacht hinein zu
650 773 3175 882 verlängenn- und die vielen Ablenkungen und vieleen Menschen.
638 882 3314 1029 Heute nach dem Volkstheater gehe ich noch mit Frieda ins Kino. Der
632 1013 3400 1138 morgige Tag! - Vormittag Friseur, Manikür, Schönheitspflege, Nachmittag
667 1130 3422 1265 Tante Clara, Abend Imperial. Donnerstag Vormittag Zahnarzt und Hagen-
629 1295 3294 1406 bung (wo Fredi ausgestellt hat), Nachmittag zu einer Modenrevue bei
595 1426 3285 1537 Krupnik, da ich Freikarten bekam (sonst käm ich nicht auf die Idee)
613 1534 3357 1667 Abend vielleicht zum Vortrag gegangen gegenommen werden, was
627 1665 3438 1791 am Penklub-Abend einen günstigen Eindruck macht. Freitag Abend dürfte
626 1794 3308 1904 ich zu Bruder Otto gehen. Für nächste Woche bin ich schon zu einem
630 1940 3172 2080 Tee bei Byk und Frau Stross gebeten. Wann soll man da arbeiten?
599 2089 3310 2198 Auch Puthon hat mir auch furchtbar lieb telefoniert, um mir zu gra-
632 2186 3217 2351 tulieren und will mich unbedingt in den nächsten Tagen sehen. Und
606 2330 3292 2477 Lotte M. und Enemy Tolnay habe ich versprochen sie zu mir zu rufen.
660 2439 3260 2550 Und so geht das fort und fort. Wenn ich irgend kann schreibe ich
616 2561 3026 2708 Dir morgen wieder. Für heute nur noch eine innige Umarmung.
1382 2710 1813 2846 Deine C.K.
3464 95 3573 239 86
