3702 4667
2737 427 3160 584 4.8.1925
601 573 3366 718 im ersten Stock über der Ankunftsseite, so dass man jedes Auto kommen
596 718 3276 849 und abfahren hört; es liegt genau an derfreppe und vor dem Aufzug,
593 842 3171 953 genau neben dem Läutwerk, so dass man jeden Augenblick durch den
630 956 1388 1120 schrillen Ton irgen
2208 976 3370 1131 chreckt. Jeder Mensch muss an
580 1106 3229 1240 meiner Tür vorbei - kurzum Du wärst nach 5 Minuten davongelaufen.
1107 1253 3239 1393 Ich war gestern Abend so schläftig, dass ich trotzdem
570 1371 3188 1504 eingeschlafenhin, aber ob es mir nochmals gelingen wird? - - Dafür
589 1494 3220 1644 sind notwendige Nebenräume nur durch zwei lange Gänge erreichbar.
1096 1651 3350 1785 Der Direktor sagt, dass sich in den nächsten Tagen viel-
618 1756 3308 1889 leicht etwas anderes finden wird, aber natürlich wird es wenigstens
577 1868 3222 2037 um 5 Lire im Tag mehr kosten. Sollte ich nicht schlafen können, so
575 2012 3199 2152 werde ich mich dieser Erpressung fügen müssen, denn schlafen muss
569 2139 775 2255 man.
1128 2276 3138 2409 Ganz fürchterlich aber sind die Menschen hier. Die
554 2424 3184 2541 meisten sehen aus wie Juden aus der Taborstrasse. Einige wie aus
563 2530 3246 2665 Breslau und Teplitz und ganz wenige 3-4 dürften Provinzarier sein.
576 2653 3249 2823 In der Schwimnanstalt lagen sie heute zu scheusslichen Klumpen ge-
563 2808 3383 2938 ballt. Ich habe nur Cary begleitet, denn 1.war ich noch etwas müde von
561 2916 3245 3037 der gestrigen Fahrt und 2. war mir trotz blauem Himmel und Sonnen-
563 3054 3314 3214 schein nicht warm genug, mich nach dem kalten Wasser zu sehnen. Viel-
561 3192 3249 3333 leicht morgen. Mich ekelt die Nähe der vielen Nacktheiten, Männlein
588 3315 3323 3444 und Weiblein. Cary hat vergeblich nach einem Badeflirt ausgeblickt.
1057 3464 3322 3581 So, nun weisst Du alles Wissenswerte von Riva, wenigstens
550 3590 3378 3720 wie ich es bis jetzt besteilen kann und nun will ich Dir noch sagen,
540 3698 3248 3850 dass, als ich gestern Abend den Mond sah und den grossen funkelnden
546 3823 3400 3997 Stern gleich daneben, da dachte ich nur, dass sie nun genau so strahlend
547 3985 3305 4131 über Deiner Terrasse stehen und dass sie mir dort viel lieber sind.-
523 4100 3355 4274 Das klingt vielleicht ganz dumm und sentimental und wenn ich mir Müge
3414 99 3586 258 179
