3742 4674
2416 287 3155 474 1. Juli 1924.Bl.4.
668 485 3291 654 Dabei glaube mir ich habe viel mehr Sorgen als Du. Manchmal wird
637 631 3183 811 mir ganz schwarz vor den Augen. Aber wozu dir noch davon sagen.
669 762 3475 884 Heute Nachmittag soll ich zu Emmi Tolnay, die aus Karlsbad zurück ist.
634 890 3315 1048 Ich dürfte Hermine und Tochter dort treffen. Jetzt will ich diesen
667 1048 3334 1199 Brief selbst zur Post tragen und ein paar Besorgungen in der Nähe
645 1131 3403 1356 machen. Ich bin zu müde, um viel zu unternehmen und sehe recht elend
608 1313 3403 1449 aus. Für heute genug. Leb wohl, mein Schatz, ich umarme Dich sehr sehr
637 1436 925 1581 innig.
1028 1547 1288 1714 Deine
1357 1671 2033 1853 Clara Katharina.
3481 74 3603 289 71
