3771 4723
1510 227 1864 423 Tagebuch
2058 415 3272 613 21.12.1930. Goldener Sonntag.
664 572 3402 730 Vormittag Stadt. Viele Bekannte. Sektionschef Schreyer applaudierte
661 727 3389 862 lachend, als er mich sah. Ich hätte letzthin im Theater so fabelhaft
658 873 3414 1010 ausgesehn und ich soll weiter so bleiben, wie ich jetzt bin. Frieda,
656 974 3388 1101 Hedwig, Herrn von Sachs gesprochen. Rendezvous am Graben mit A.,der
663 1125 3318 1253 recht schlecht aussah. Wir holten Schwarzkopf und speisten bei A.
657 1238 3420 1365 Nachmittag "Komödie" (Chlumberg Trauerfeier) mit Gisella B. Abend wie-
661 1380 3435 1523 der mit A. Eos-Kimo Va banque (ganz nett Gründgens, Dagover), dann bei
669 1505 3296 1636 ihm genachtmahlt. Vor dem Fortgehn knöpfelte ich ihm seine neuen
674 1641 3487 1794 Stiefel auf, er schien plötzlich bewegte, küsste mich mit Herzlichkeit,
675 1780 3386 1897 im ein Augenblick, in dem man sich wieder etwas näher war. Er sagte:
688 1915 1430 2050 "Du bist rührend".
682 2042 3361 2161 22.12.1930. Vormittag Stadt. Nachmittag bei Cary,Magdi. Carys Ge-
675 2190 3288 2329 burtstag. Er ist meine grösste Freude. Gegen Abend Glatteis. Ich
675 2313 3396 2439 zuhause. A. angeblich auch. Rief um 10 Uhr bei mir an, schien ziem-
676 2430 1239 2592 lich nervös.
679 2558 3505 2718 23.12. Vormittag Stadt.A. Nachmittag wegen Radiountausch eine Viertel-
679 2719 1713 2830 stunde hier, kühl und müd.
679 2843 3334 2951 24.12. Windstill, kalt. Gestern Abend mit A. "Kpeine Katharina von
674 2947 3448 3085 Savoir (ganz unterhaltend, wenn auch recht wertlos). Nachher mit Hof-
3014 3031 3171 3122 Sie
685 3085 3350 3230 rätin Z. (die die Uebersetzung besorgt hat) im Imperial. xxx fand,
691 3210 3363 3353 dass ich besonders gut aussehe. Auf der Heimfahrt A. wieder betont
686 3369 1999 3500 kalt. Ich habe elend geschlafen.
674 3477 3503 3609 Gegen 7 Uhr Abend zu A. hinüber ihm die Geschenke bringen. Tischdecke
686 3605 3505 3745 und Cache pot aus Petit Point,freundlich, kühl, trotz meiner Herzlich-
678 3742 3441 3868 keit. Ich nach Hause, um Harry zuerwarten, er zu seinem Bruder. Nacht-
676 3869 2611 4038 mahl mit Harry, der mir recht viel Sorgen macht.
691 4014 3509 4133 25.12. Kurzer Spazlergang mit A. Ich teilt mir mit, dass er xxx
679 4134 3295 4268 Beer-Hofmann und Frieda zum Sylvesterabend (bei ihm) dazu gebeten
669 4261 3421 4378 hat. Ich war perplex, da wir letzthin davon sprachen, dass wir diesen
677 4391 3290 4522 Sylvesterabend einmal zusammen verbringen wollen und es nur so
3488 108 3603 304 131
