3742 4667
1952 244 2716 426 Karerpass, 8.9.1925.
2009 370 2997 518 (nach Riva,Palacehotel).
624 518 3361 654 Liebstes, zu Mittag kam Dein Brief Nr. IV, aus den ich verwundert ent-
641 659 3434 792 nehme, dass Du seinen Montagszeilen keine Nachricht von mir hast.
630 770 3226 894 Nun wird sich das schon geändert haben: ich schrieb Mittwoch vor
636 902 3407 1048 meiner Abreise noch einen kurzen Brief an Dich und Freitag Abend von
3056 997 3281 1107 dies
638 1044 3347 1133 hier aus einen Brief (2 oder 3 Karten nicht gerechnet), so dass hier
670 1172 3242 1338 Nr. IV ist. Im übrigen war die verstellte Schrift und die Angst vor
637 1316 3423 1422 dem Lustigmachen Mehr überflüssig; - die Briefe kommen immer in getrennt
624 1422 2436 1562 te Fächer, aus denen man sie persönlich holt.
620 1552 3392 1717 Vor allem, mein sehr Liebes, danke ich Dir für Deine Schilderungen und
623 1687 3447 1841 Berichte aus Riva.- Man erhält aus ihnen ein so lebendiges Bild - von
628 1816 3316 1962 Konkutx Mosquitos bis Felsenberg (in dem ich allerdings alles eher
638 1950 3336 2103 vermutet hätte als einen Kirchenrat und noch dazu von St. Ruprecht).
616 2078 3321 2203 Danke auch für Deinen Bericht über das Gardone-Hotel. Man ist hier
626 2182 3446 2318 mehr für Lido mit Hinterland Venedig - Alma eingenommen; aber da Alma
634 2344 3325 2478 wohl länger auf dem Semmering bleiben wird, dürfte am Ende
666 2462 3256 2613 doch Gardone resultieren. Die Reise bis hin ist ungefähr gleich
669 2604 3504 2713 weit.- Wir hatten ausser vagen Programmen kaum erst andere als finan-
626 2747 2775 2870 zielle Gespräche, die nicht durchaus erfreulich waren.
606 2848 3339 2969 Der gestrige Tag: am Vormittag schweifte ich in den Wäldern herum; -
618 2984 3260 3110 die Gegend ist wahrhaft herrlich; und die Lage des Pasmhotels die
623 3113 3416 3266 schönste rings in den Dolomiten. Mein Zimmer ist so angenehm wie mög-
631 3265 3304 3425 lich; das Essen leidlich; - aber weder Fett noch Butter auf der für
627 3404 3206 3534 mich unerlässlichen Höhe; - auch der Thee mässig. Die andern, d.h.
3184 3362 3260 3507 de
619 3510 3387 3648 Heini, Lili, Frau Lichtenstein und Frau K. spielen Tennis. - Nachmittag
617 3624 3445 3810 am Weiher in guter Arbeitsstimmung Gegen Abend mit sämtlichen Lichten-
629 3808 3240 3908 steins ins Karerseehotel und zurück. - Heute Heinig 25.Geburtstag;
620 3892 3357 4030 er spielte Vormittag mit der gestrigen Partie Tennis; jetzt ist die
620 4077 3367 4196 ganze Gesellschaft in Lichtensteins Auto zum Karerseehotel gefahren,
604 4184 3232 4340 wo Lili und Frau Lichtenstein mit einem Trainer spielen; ich will
3501 111 3664 290 194
