3747 4687
406 304 519 456 9
415 425 3062 642 12. Aug. Kein Brief! - N. Mitt. Nichts, das Martyrium beginnt.
418 584 3253 790 Abends 19 Uhr ein sehr lauer Brief mit Einlage von 200 S. damit ich
426 686 3542 898 länger hier bleiben kann. Arn. O. fahren am 18 ten ab, - Vorschlag ich soll
441 896 1491 1049 dann nach Gmunden kommen.
444 945 3455 1157 13 Aug Ich habe die 200 s. natürlich zurückgeschickt. Hedwig telef. (nach
443 1091 3413 1335 Wien) gebeten mir bis ersten 300 s. zu leihen wegen Bewegungsfreiheit. A.
451 1250 3540 1432 geschrieben dass ich mit Rücksicht auf seine Nerven und seine Gesundheit und
447 1360 3458 1579 seine Bequehmlichkeit bereit bin (trotzdem er ursprünglich mich hier holen
471 1486 3378 1699 wollte etc.) am 18 ten dort einzutreffen und um postwendende Bestätigung
463 1676 1471 1838 meines Schreibens bitte.
469 1764 3547 1958 Isten Ermüdender Tag. V. M. mit Dr. Horch (Deutsches Theater in Berlin) eine
463 1853 3595 2051 Stunde spazieren gelaufen um über Aufführungs - Möglichkeiten von A's Stucken
485 2012 3411 2194 zu sprechen. Ihm zugeredet da u. dort zu intervenieren. Auch mit Hofr. Z
490 2174 3345 2329 die er morgen in Salzburg trifft soll er wegen des Nobelpreis sprechen.
475 2298 3263 2480 Meine eigenen Angelegenheiten (Mimy Und Gwendy) nur flüchtig berührt.
481 2438 3452 2619 Mittag bei Ferda Bloch B. ( seine Freundin Fr v. Eyk, Louise v. Guttm.u.
486 2544 3201 2727 Karl Bl. B.) Ich trank etwas Rotweib um überhaupt reden zu können.
492 2675 3540 2847 N. M. mit Irene A. in Böckstein. Hin zu fuhs zurück fuhr ich allein mit den
498 2790 3501 2971 Autobus, da ich mich elend fühlte. Ich hörte kaum was Ir. Über ihre Liebes
498 2971 1380 3127 Erlebnisse erzählte.
501 3094 2659 3230 16 ten Keine Nachricht und übermorgen sollich reisen-
505 3185 3353 3365 Habe um 10 U telegrafiert und um Bescheid gebeten. Um 7 I u. Antwort:
512 3321 3562 3520 Heinis Urlaub verlängert, reist mit seiner Mutter erst nächsten Sonntag, er
507 3522 1201 3660 Brief unterwegs.
517 3555 3552 3756 Ich glaub kein Wort mehr. Da ich den Sohn als einzigen stichhältigen Grund
522 3764 1802 3910 angab, spielt er ihn jetzt aus.
526 3822 3601 3999 Fühle mich wieder so elend dass ich mir vom alten Bloch Tropfen verschreiben
533 3970 3540 4173 lassen musste. Ich leide schrecklich und draussen schüttet es und ich bin
524 4164 969 4286 so allein-
541 4240 3593 4402 Am Abend Julius und Frau getroffen, die mich aufforderten ein Stückchen mit
549 4374 2416 4523 ihnen zu gehen. Gespräch über Nobelpreis u. A.
