3787 4694
606 296 1263 502 Tgb. 16.5.1929.
581 511 3388 659 mutet stattgefunden wurde flüchtig erwähnt, und dass die Reise an den
618 633 3410 758 Wörthersee unterbleiben dürfte. Ich stellte keinerlei Frage.-Um keine
588 794 3502 947 allzu zärtliche Stimmung aufkommen zu lassen [Verbot Dr.Donath] spielen
669 912 3391 1023 wir Worterraten. Einmal im Eifer des Spiels sage ich ihm Du, während
651 1028 3635 1146 Minna im Zimmer ist und korrigiere es erschreckt mit einem Sie. Herzliches
620 1162 3545 1284 Gelächter von allen Seiten. Es passiert mir jetzt leicht mich vor Andern
619 1295 2740 1435 zu versprechen, weil wir doch so viel beisammen sind.
623 1432 3363 1562 Heute Vormittag bei Dr.D. gewesen nach vorheriger Anfrage, um über A.
616 1575 3379 1693 mit ihm zu sprechen. Er sagte mir, er habe schon längst erwartet, dass
667 1684 3500 1810 ich ihn aufsuche. Anscheinnend sehr netter ehrlicher Mensch, versichert
630 1827 3330 1949 mir,A. sei organisch vollkommen gesund, nur psychisch sehr labil. Ob
608 1956 3452 2085 leichte Streifung, wie ich fürchte, statt gefunden, lässt sich nicht fest-
660 2089 3401 2204 stellen. Jede Aufregung muss vermieden werden. Ich sage ihm, dass ich
606 2185 3321 2354 mein Möglichstes tun will, aber er soll nur vermeiden, dass A. mit O.
611 2335 3540 2462 und Arnoldo irgendwo allein beisammen ist, da ich ihn diesen Beiden unter
618 2469 3488 2593 keiner Bedingung ausliefere. Er ist ganz meiner Ansicht. Wenn A. an den
615 2610 3456 2768 Wörthersee fahren sollte, muss Frieda mitgehen. Ich sagte ihm auch, dass
619 2739 3452 2846 wenn Arnoldo,O. und Heini demnächst herkommen (was auch möglich ist),
618 2864 3488 2976 dann will ich sogar für ein paar Tage fortgehen, um die Situation zuver-
612 3012 3460 3126 leichtern. Er sagte für mein Fortgehen inder Zeit sei er absolut nicht
623 3119 3563 3233 und A. würde es gewiss auch nicht wollen. Er sagte: „Ihnen ist die schwie-
613 3279 3472 3411 rigste Aufgabe zuteil geworden, aber Sie können sie lösen.“ Er bat mich
612 3399 3541 3532 auch A. ja nicht zu verlassen, ihm auch keinen diesbezüglichen Vorschlag
618 3507 3451 3633 mehr zu machen, da er unbedingt krank werden würde. Ach Gott wie schwer
614 3639 2776 3755 ist das alles. Am Abend A. wieder bei mir. Sehr lieb.
621 3744 3481 3928 Ich vergesse ganz, dass meine Novelle in der Presse genommen ist.1000 S.
615 3878 1925 4056 Honorar. Ein kleiner Lichtpunkt.
600 3973 3385 4161 Gestern Nachmittag bei Hermine, Paula, die nach zwei Monaten Süden und
590 4140 2358 4305 Paris wieder da sind. Es wirkte erheiternd.
3564 83 3704 290 239
