3771 4694
559 423 3704 601 gegeben. Und ich habe es gerne getan, denn ich hatte das Bewustsein das über aus
433 569 3256 742 alle Reibereien und Differenzen hinaus unsere Liebe wuchs und wuchs-
438 648 3474 894 Seit einem halben Jahr weis ich das sie an einer uneinnehmbaren Mauer zer-
436 793 1011 967 brechen muss.
440 911 3650 1138 Gegen Abend wieder ein ermüdendes Gespräch ; Ja er stehe jetzt freundschaftlich
428 1094 3574 1268 zu seiner Frau, damit nehme er mir nichts auch wenn er ihr einmal seine Arbei-
444 1181 3620 1386 ten vorlesen würde- Für mich bedeutet das aber gerade so viel wie wenn er sich
435 1359 3689 1557 mit ihr ins Bett legen würde. Dagegen kann ich nichts machen. Ich kann nicht
417 1444 1516 1627 meine Natur vergewaltigen.
428 1574 3480 1789 Vor wenigen Wochen hat es geheissen, dass O. zu ihrer Tochter nach Venedig
438 1706 3482 1952 Übersiedelt, jetzt kommt sie für unbestimmt lang nach Wien. Das ist Alles
424 1863 2747 2033 jetzt in C. ausgeheckt worden, dazu wurde A. hingelockt.
412 1994 3470 2156 Ein öder trostloser Abend. Als ich schon im Bett lag kam A. herein um mir
412 2118 3465 2327 gute Nacht zu sagen und küsste mir die Hand. Was fang ich damit an. Zwei-
407 2238 3075 2431 mal Schlaf Mittel genommen. Am besten man wacht nicht mehr auf.
412 2350 3448 2563 Ein Italienischer Aristokrat steigt mir unbegreiflicher weise nach, trotz
414 2473 1374 2653 meiner verweinten Augen
414 2594 3492 2821 I September Brief von Hery. Sein Zimmer ist ihm gekündigt worden. Er möchte
409 2744 3456 2941 bei mir wohnen aber mit der Freiheit "Damen- Besuche zu empfangen. Unmög-
406 2873 3442 3072 lich. Ich schrieb ihn in di sein Sinn. Das gebe Unannehmlichkeiten und Käm-
410 2990 3236 3239 pfe denen ich nichtmehr gewachsen bin und brächte uns nur auseinander.
407 3083 1314 3251 Furchtbar heisser Tag.
431 3184 3680 3490 2 Sept. Täglich Scenen, Unterredungen die sich im Kreis drehen. Ich bin Stunden
385 3370 3648 3592 um Stunden allein in meinem Zimmer. Ich fühle mich einsam wie noch nie in meinen
381 3506 3684 3749 Leben. Morgen sollen wir nach Verona und Montag ich nach Wien - er nach Venedig.
372 3592 3487 3857 3. Sept. Ich habe ihm ein paar Zeilen in sein Zimmer gelegt, dass ich morgen
375 3749 3621 3994 direkt nach Wien fahren will, da ich dieses Nebeneinander nicht mehr ertrage und
371 3862 3523 4099 zu Hause zu irgend einem Entschluss gelangen will und werde- Ob ich im Unrecht
367 3981 2370 4183 gewesen bin wird wol einmal die Zukunft beweisen.
351 4113 3577 4423 Er kam herein sagte, mein Brief sei sehr schön und entspräche ganz meinem We-
359 4257 3695 4507 sen wie eben alles was er tue den seinen entspräche. Es wäre sehr leicht das Alles
