3690 4694
550 334 1409 495 An A.S. nach Berlin.
2131 322 3380 515 Wien, 13. März 1925.Hotel Regina
553 530 986 698 Liebster, -
1077 664 3245 821 ich hätte Dich gerne um 1/3 Uhr noch angerufen - meine
552 840 3364 965 Hand zuckte nach dem Telefon - aber ich hatte Angst, dass Lili im Zim-
549 952 3433 1104 mer ist, unsere conversation konventionell oder gequält ausfällt und die
559 1105 3268 1221 schöne Abschiedsstimmung von heute Vormittag zerstört.-So liess ich
564 1205 3423 1380 es sein und schreibe Dir dafür diese Zeilen, die Dich wohl Sonntag errei-
547 1351 3196 1493 chen werden. In Deutschland gibt es, glaube ich, eine Sonntagspost.
1111 1497 3389 1643 Um 3 Uhr habe ich Paul W. telefonisch gesprochen.Dassel-
538 1604 3321 1720 be Lied Er findet die Movelle ganz ausgezeichnet, hätte sie am lieb-
548 1756 3403 1896 sten an Stelle der jetzigen gebracht, was aber aus inhaltlichen Gründen
548 1855 3218 1999 nicht ging, hat noch keine Gelegenheit gehabt mit Dr.B. zu sprechen
539 1996 3227 2156 und wieder liebenswürdige Versprechungen, dass ich in einigen Tagen
518 2146 3374 2285 Nachricht bekomme und meine Novelle eventuell nach der jetzigen kommt.
540 2260 3261 2401 Inzwischen wird mir wohl Deine novelle sieghafte Konkurrenz machen,
533 2402 2115 2556 da bin ich schon im Voraus erschlagen.
1083 2540 3215 2685 Jetzt erwarte ich B., über dessen" gefährlichen "Besuch
543 2655 3294 2833 ich Dir auch noch erzähle, ene ich diesen Brief schliesse. Um 8 Uhr
582 2763 3262 2918 kommt die Schneiderin und dann hoffe ich auf einen guten Abend und
542 2914 1757 3058 auf eine gute Arbeitsstimmung.
1076 3175 3377 3326 So! - jetzt bin ich wieder bei Dir. B. ist um 3/4 6 er-
526 3279 3282 3461 schienen und hat mich eben 7 Uhr wieder verlassen. Wir sprachen über
529 3453 3200 3622 die Ausstellung in der Sezession, über die "Anatol"-Aufführung,über
517 3568 3279 3754 meinen Sohn Karl, über Hotels in Gardone, Über die Ehescheidungen mei-
553 3696 3281 3851 ner Vettern Karl und Georg v.T., über einen Abend bei Königswarter
570 3850 3208 4002 etc. Beim Fortgehen sah er mich etwas länger als nötig mit Hände-
501 3964 3324 4116 druck an und auf meinen erstaunten Blick sagte er: "Weil Sie mir sehr
518 4107 3270 4280 gut gefallen, was Sie übrigens sehr genau wissen.“ Daraufhin ging er
507 4239 3222 4385 und dies ist alles. Ich zeigte inn Deine Silhouette, die er sehr gut
3480 116 3628 290 137
