3771 4723
708 353 1363 484 Tgb. 14.10.1930.
689 490 3469 672 Ich sprach so ernst und gütig zu ihm wie noch nie. Gott gebe mir die
692 638 2075 784 Kraft an diesem Ton festzuhalten.
682 776 3381 943 15.10. Die Unterredung wieder im Sand verlaufen; scheinbare Rührung
692 946 3536 1070 bei ihm, scheinbare Einsicht und schliesslich alles beim alten.
702 1065 3343 1161 Ich bin derart heiser, dass ich keinen Laut herausbringe, teilweise
705 1174 3528 1315 zu Bett. A. Vormittag und Abend bei mir. Schläfrig und kühl wie immer.
695 1329 3376 1477 Er solle erst nach Heinis Hochzeit nach Berlin kommen. Ich glaube,
670 1451 1463 1609 d as verstimmt ihn.
700 1586 3405 1690 Otto telefoniert, dass er die "Corday" gelosen und sie ausserordent-
697 1727 3470 1827 lich findet. Wenn das nur Wildgans auch fände, es wäre eine seelische
693 1836 1419 1966 Rettung für mich.
692 1933 3486 2083 16.10. Kann noch immernicht sprechen, ohne eigentlich erkältet zu sein.
698 2074 3251 2245 Wir fahren am Abend zu "Mass für Mass" ins Burgtheater. Samstag
689 2215 3370 2352 sollen Werfels, Wildgabs, Clausers, Hofrätin 2. und ich bei A. drüben
705 2376 3411 2496 sein. Wenn ich nur bis dahin wohler bin. Mit dieser Stimme kann ich
692 2500 1443 2643 nirgends hingehen.
686 2625 3423 2744 17.50. Gestern nach dem Theater (schöne Vorstellung) bei mir. Stim-
696 2791 3338 2890 mungsloses Zusammensein. A. heute Vormittag einen Sprung bei mir,
688 2890 3287 3062 sehen, wie es mir geht. Was nützt das alles? -Nachmittag Otto, der
698 2995 1932 3132 mir die "Corday" zurückbringt.
697 3164 3498 3251 17.10. Abend. Während Otto da war kam A., brachte mir Caviar und Scho-
680 3300 2852 3422 kolade. Sehr aufmerksam. Aber ich fühle nichts dabei.
690 3407 3570 3512 Meine Rettung wäre die Corday. Es ist schrecklich, aber es wird zu einem
680 3552 3148 3663 fixen Gedanken bei mir. Ich fürchte die Antwort von Wildgans.
677 3684 3354 3834 18.10. Mittag Kinder. Harry recht unangenehm. Was er sagt ist auf-
684 3793 2434 3960 reizend, und wie er sich anzieht erst recht.
670 3951 3284 4069 Eben A. wieder auf einen Sprung dagewesen. Es ist, als ob er eine
673 4104 3383 4242 Aufgabe erledigte. Der Nachgeschmack beibt für mich immer derselbe.
670 4209 2463 4393 Ich fürchte den heutigen Abend mit Wild gans.
3601 103 3679 284 105
