3759 4683
3432 107 3603 276 127
2191 302 3068 454 24.1.1925. Bl. 2.
473 519 3345 663 Veröffentlichung ist vom objektiven Standpunkt keine Einwendung zu
479 627 3412 793 erheben, ich für meinen Teil gestatte mir feineres und eigenartigeres von
476 791 3572 939 Dir zu erwarten. Ich möchte noch erwähnen, dass mir im Nachgefühl das Schick-
488 887 3425 1046 sal der Mila Tunfart, die eine letzte Frauenhoffnung so kläglich schei-
486 1067 3422 1180 tern sieht, näher geht als das des Eusebius. Oder ist es nur, weil bei dem
483 1153 3412 1325 Namen Hernals (oder Ottakring!) mein Herz immerhin höher schlägt als bei
480 1269 3412 1425 Kenmelbach Ybbs (womit Du Deinem Helden fast schon ein Urteil gesprochen
484 1454 768 1570 hast).
831 1562 3473 1722 Stilistisch gibts nur ein paar Kleinigkeiten zu bemängeln. Seite
482 1692 2707 1857 9,Zelle 3 v. u. Krankheit auf dem (nicht am Gewissen).
493 1841 3178 1966 Seite 16,2. 11 u. 12 v. u. folgen zwei bekam zu rasch aufeinander.
494 1937 3472 2086 Seite 20,Z.15 v.u. muss es heissen "so eigen", nicht „so eigens“, was ei-
488 2126 1490 2231 ne andere Bedeutung hat.
485 2207 3399 2381 Seite 22,Z. 4 u. 5 v. u. "er war einfach in eine Sackgasse geraten und
493 2356 3383 2502 sass fest wie die Maus in der Falle.“ Das sind zwei Vergleiche aus zwei
495 2505 3519 2633 verschiedenen Gebieten, die schlagen sich gegenseitig, Du musst auf die Maus
483 2601 1955 2776 oder auf die Sackgasse verzichten.-
486 2703 3406 2870 Auf S. 6,2. 3 v. u. möchte ich statt "Leichengift einatmen" lieber sagen
507 2855 3535 3039 Leichengruch einstimmen, aber das ist, verzeihen Sie das harte Wort, Geschmacks-
504 3027 829 3145 sache.
503 3114 3554 3275 - - So xxx kein Liebstes, nun hab ich mir meine Kritik von Herzen gere-
498 3266 3441 3427 det: - um der erste Nachmittag seit oca 8 Tagen, an dem ich mich leidlich
513 3386 3328 3531 wohl fühle. Denn wie ich mir (und Dir) heute gestehen kann, seit jenem
496 3497 3356 3662 St. Gallner Abend war ich nicht ganz beisammen. Es war eine ganz kleine
513 3663 3507 3816 Grippe, die ich mit Energie besser bekämpfte als mit Pyramidon; in den Vor-
516 3781 3471 3906 mittagsstunden gings ja an; an den Nachmittagen, besonders von 4-6 war mir
515 3945 3482 4040 nicht sehr wohl zumute: bin auch seither, ausser notgedrungen, xxx an dem
506 4037 3393 4162 Züricher Vorlesungsabend - nach 3 nicht mehr aus dem Haus gegangen. Der
497 4183 3334 4344 Katarrh löst sich nun rasch; ein Schnupfen ist noch vorhanden mit den
501 4283 3373 4497 üblichen Höhlen symptomen; und heute zum Lunch habe ich zum ersten Mal
