<?xml version="1.0" encoding="UTF-8" standalone="yes"?>
<PcGts xmlns="http://schema.primaresearch.org/PAGE/gts/pagecontent/2013-07-15" xmlns:xsi="http://www.w3.org/2001/XMLSchema-instance" xsi:schemaLocation="http://schema.primaresearch.org/PAGE/gts/pagecontent/2013-07-15 http://schema.primaresearch.org/PAGE/gts/pagecontent/2013-07-15/pagecontent.xsd">
    <Metadata>
        <Creator>prov=READ-COOP:name=TrHtr:version=0.0.6:model_id=44522:date=25_11_2022_11:54</Creator>
        <Created>2022-11-17T16:36:57.605+01:00</Created>
        <LastChange>2022-11-25T11:54:40.440Z</LastChange>
        <TranskribusMetadata docId="1233893" pageId="50264983" pageNr="960" tsid="105033067" status="IN_PROGRESS" userId="40391" imgUrl="https://files.transkribus.eu/Get?id=HWDQURLTWQQHPDNZBOFROKME&amp;fileType=view" xmlUrl="https://files.transkribus.eu/Get?id=YEZWJFLENTMHVNTCDVYMBMLZ" imageId="41051391"/>
    </Metadata>
    <Page imageFilename="HIN-155550_0960.tif" imageWidth="3759" imageHeight="4670">
        <ReadingOrder>
            <OrderedGroup id="ro_1670241788678" caption="Regions reading order">
                <RegionRefIndexed index="0" regionRef="r1"/>
            </OrderedGroup>
        </ReadingOrder>
        <TextRegion id="r1" custom="readingOrder {index:0;}">
            <Coords points="674,149 674,2832 3527,2832 3527,149"/>
            <TextLine id="r1l1" custom="readingOrder {index:0;}">
                <Coords points="2347,460 2569,502 2712,477 2863,537 2983,539 3027,511 3025,368 2991,361 2926,389 2837,366 2664,395 2547,338 2459,384 2346,375"/>
                <Baseline points="2363,450 2395,449 2427,449 2459,449 2492,449 2524,449 2556,449 2588,449 2621,449 2653,449 2685,447 2717,447 2750,447 2782,447 2814,447 2846,446 2879,446 2911,444 2943,444 2975,443 3008,441"/>
                <TextEquiv>
                    <Unicode>19.8.31. Bl. 2.</Unicode>
                </TextEquiv>
            </TextLine>
            <TextLine id="line_1668781009095_580" custom="readingOrder {index:1;}">
                <Coords points="719,684 2924,704 3364,668 3363,552 718,588"/>
                <Baseline points="734,666 763,666 793,668 823,668 852,668 882,668 912,669 941,669 971,668 1001,668 1031,668 1060,668 1090,667 1120,666 1149,666 1179,665 1209,665 1238,663 1268,663 1298,662 1328,662 1451,665 1545,662 1640,660 1735,659 1830,657 1925,656 2020,654 2114,654 2209,653 2304,651 2399,651 2494,650 2589,649 2684,648 2778,647 2873,645 2968,644 3063,641 3158,639 3253,636 3348,633"/>
                <TextEquiv>
                    <Unicode>ich dieses Jahr gegangen bin, weisst sehr genau, wie es in mir aus-</Unicode>
                </TextEquiv>
            </TextLine>
            <TextLine id="line_1668781011981_585" custom="readingOrder {index:2;}">
                <Coords points="722,808 3484,788 3483,685 3077,669 722,733"/>
                <Baseline points="738,795 781,797 825,797 869,797 913,797 956,797 1000,797 1044,797 1088,797 1131,795 1175,795 1219,795 1263,794 1306,794 1350,792 1394,792 1438,791 1481,791 1525,789 1569,788 1613,788 1746,789 1832,788 1918,786 2004,785 2090,785 2176,783 2262,783 2348,782 2434,782 2520,780 2607,780 2693,779 2779,779 2865,777 2951,776 3037,774 3123,773 3209,771 3295,770 3381,768 3468,765"/>
                <TextEquiv>
                    <Unicode>sehen muss und was für Worte Du hättest sprechen müssen oder schrei-</Unicode>
                </TextEquiv>
            </TextLine>
            <TextLine id="r1l6" custom="readingOrder {index:3;}">
                <Coords points="717,955 1472,995 1764,917 2359,979 2690,927 2689,845 2235,864 2108,797 1877,875 716,842"/>
                <Baseline points="735,930 831,929 928,929 1025,929 1122,927 1219,926 1316,926 1412,924 1509,923 1606,923 1703,921 1800,920 1897,918 1994,917 2090,917 2187,915 2284,914 2381,914 2478,912 2575,912 2672,912"/>
                <TextEquiv>
                    <Unicode>ben, wenn Du mich wirklich wiederfinden wolltest.</Unicode>
                </TextEquiv>
            </TextLine>
            <TextLine id="r1l7" custom="readingOrder {index:4;}">
                <Coords points="717,1065 2920,1097 3213,1057 3212,951 716,966"/>
                <Baseline points="734,1056 857,1058 980,1058 1103,1058 1226,1056 1349,1056 1472,1055 1595,1053 1718,1053 1841,1052 1964,1050 2087,1048 2210,1046 2333,1045 2456,1043 2579,1041 2702,1041 2825,1040 2948,1038 3071,1037 3194,1037"/>
                <TextEquiv>
                    <Unicode>Hättest Du einmal geschrieben - "ich freu mich auf Dich und es</Unicode>
                </TextEquiv>
            </TextLine>
            <TextLine id="r1l8" custom="readingOrder {index:5;}">
                <Coords points="723,1225 3335,1193 3334,1090 3036,1052 722,1115"/>
                <Baseline points="741,1185 869,1186 998,1187 1127,1187 1256,1185 1385,1185 1514,1184 1642,1182 1771,1181 1900,1179 2029,1178 2158,1175 2287,1173 2416,1172 2544,1170 2673,1169 2802,1167 2931,1166 3060,1164 3189,1163 3318,1163"/>
                <TextEquiv>
                    <Unicode>muss wieder gut und schön zwischen uns werden", - aber Du hast je-</Unicode>
                </TextEquiv>
            </TextLine>
            <TextLine id="r1l9" custom="readingOrder {index:6;}">
                <Coords points="716,1331 3314,1334 3374,1224 715,1270"/>
                <Baseline points="734,1317 865,1317 996,1317 1127,1317 1259,1316 1390,1314 1521,1314 1652,1313 1784,1311 1915,1310 2046,1308 2177,1307 2309,1305 2440,1304 2571,1302 2702,1301 2834,1299 2965,1299 3096,1298 3227,1296 3359,1296"/>
                <TextEquiv>
                    <Unicode>des solche Wort vermieden, weil Du mich schon auf Entfernung Deine</Unicode>
                </TextEquiv>
            </TextLine>
            <TextLine id="r1l10" custom="readingOrder {index:7;}">
                <Coords points="712,1462 2941,1475 3285,1445 3285,1353 711,1333"/>
                <Baseline points="729,1451 855,1449 982,1448 1109,1446 1236,1446 1363,1445 1490,1445 1617,1443 1744,1443 1871,1442 1998,1442 2124,1440 2251,1440 2378,1439 2505,1437 2632,1436 2759,1435 2886,1433 3013,1431 3140,1430 3267,1427"/>
                <TextEquiv>
                    <Unicode>Einstellung wissen lassen wolltest. Das ist Dir gelungen, mein</Unicode>
                </TextEquiv>
            </TextLine>
            <TextLine id="r1l11" custom="readingOrder {index:8;}">
                <Coords points="656,1598 711,1594 820,1633 912,1615 910,1492 876,1496 839,1524 792,1531 771,1514 754,1525 720,1515 682,1482 654,1479"/>
                <Baseline points="674,1580 701,1583 729,1584 756,1584 784,1583 811,1581 839,1580 866,1580 894,1581"/>
                <TextEquiv>
                    <Unicode>K ind.</Unicode>
                </TextEquiv>
            </TextLine>
            <TextLine id="r1l12" custom="readingOrder {index:9;}">
                <Coords points="660,1746 3412,1705 3411,1592 660,1657"/>
                <Baseline points="678,1707 813,1707 949,1707 1085,1706 1221,1706 1356,1704 1492,1703 1628,1703 1764,1701 1899,1700 2035,1698 2171,1697 2307,1695 2442,1694 2578,1693 2714,1692 2850,1691 2985,1689 3121,1688 3257,1687 3393,1686"/>
                <TextEquiv>
                    <Unicode>Vielleicht wäre alles anders, wärest auch Du allein, vielleicht wärst</Unicode>
                </TextEquiv>
            </TextLine>
            <TextLine id="r1l13" custom="readingOrder {index:10;}">
                <Coords points="758,1864 2417,1879 3393,1840 3451,1764 757,1758"/>
                <Baseline points="776,1838 908,1838 1041,1836 1174,1835 1307,1835 1440,1833 1573,1832 1706,1830 1839,1830 1972,1829 2105,1827 2237,1826 2370,1824 2503,1823 2636,1823 2769,1821 2902,1820 3035,1818 3168,1817 3301,1815 3434,1814"/>
                <TextEquiv>
                    <Unicode>Du dann zur Bewinnung gekommen, aber gegen die Atmosphären, in denen</Unicode>
                </TextEquiv>
            </TextLine>
            <TextLine id="r1l14" custom="readingOrder {index:11;}">
                <Coords points="677,1992 3285,1993 3284,1830 2738,1912 676,1897"/>
                <Baseline points="693,1971 821,1971 950,1970 1079,1968 1207,1967 1336,1965 1465,1965 1593,1964 1722,1962 1851,1962 1980,1961 2108,1959 2237,1959 2366,1958 2494,1958 2623,1956 2752,1955 2880,1955 3009,1955 3138,1953 3267,1953"/>
                <TextEquiv>
                    <Unicode>Du jetzt und nicht nur jetzt in Gmunden lebst, sind eine 8jährige</Unicode>
                </TextEquiv>
            </TextLine>
            <TextLine id="r1l15" custom="readingOrder {index:12;}">
                <Coords points="685,2146 927,2096 1876,2102 1979,2146 2269,2099 2238,2028 1890,2055 1626,1992 1190,2060 684,2033"/>
                <Baseline points="702,2100 779,2100 857,2099 934,2099 1012,2099 1089,2099 1167,2097 1244,2097 1322,2097 1399,2097 1477,2097 1554,2096 1632,2096 1709,2094 1787,2094 1864,2093 1942,2093 2019,2091 2097,2090 2174,2088 2252,2087"/>
                <TextEquiv>
                    <Unicode>Liebe und Treue eben machtlos geworden.</Unicode>
                </TextEquiv>
            </TextLine>
            <TextLine id="r1l16" custom="readingOrder {index:13;}">
                <Coords points="690,2241 1587,2224 1772,2305 3366,2224 3174,2106 689,2145"/>
                <Baseline points="708,2232 840,2231 972,2229 1104,2228 1236,2226 1368,2225 1500,2225 1632,2223 1764,2222 1896,2222 2028,2220 2160,2219 2292,2219 2424,2217 2556,2216 2688,2216 2820,2214 2952,2214 3084,2213 3216,2213 3348,2211"/>
                <TextEquiv>
                    <Unicode>Ich fahre morgen nach Wien - ich kann nicht sagen "nachhause", denn</Unicode>
                </TextEquiv>
            </TextLine>
            <TextLine id="r1l17" custom="readingOrder {index:14;}">
                <Coords points="694,2374 1882,2420 2756,2365 2755,2297 2622,2271 693,2282"/>
                <Baseline points="711,2364 812,2363 913,2361 1015,2360 1116,2359 1217,2358 1319,2357 1420,2357 1521,2355 1623,2354 1724,2354 1825,2354 1927,2352 2028,2352 2129,2351 2231,2351 2332,2351 2433,2349 2535,2349 2636,2348 2738,2348"/>
                <TextEquiv>
                    <Unicode>es gibt keinen auf der Erde, den ich so nennen darf.</Unicode>
                </TextEquiv>
            </TextLine>
            <TextLine id="r1l18" custom="readingOrder {index:15;}">
                <Coords points="714,2532 1332,2498 1434,2556 1755,2475 2247,2524 2246,2439 1956,2399 1277,2447 713,2413"/>
                <Baseline points="731,2492 805,2492 880,2492 955,2492 1030,2492 1105,2492 1180,2492 1254,2490 1329,2490 1404,2489 1479,2489 1554,2489 1629,2487 1704,2487 1778,2486 1853,2486 1928,2486 2003,2486 2078,2486 2153,2486 2228,2486"/>
                <TextEquiv>
                    <Unicode>Dies alles musste ich Dir noch sagen.</Unicode>
                </TextEquiv>
            </TextLine>
            <TextLine id="r1l19" custom="readingOrder {index:16;}">
                <Coords points="2166,2649 2217,2645 2255,2676 2411,2619 2524,2642 2667,2610 2757,2678 2849,2653 2847,2533 2813,2523 2677,2552 2605,2512 2544,2526 2475,2496 2353,2555 2223,2532 2165,2560"/>
                <Baseline points="2183,2609 2215,2610 2247,2610 2280,2612 2312,2612 2345,2612 2377,2612 2409,2612 2442,2612 2474,2611 2507,2610 2539,2610 2571,2610 2604,2609 2636,2609 2669,2607 2701,2607 2733,2606 2766,2606 2798,2606 2831,2606"/>
                <TextEquiv>
                    <Unicode>Clara Katharina.</Unicode>
                </TextEquiv>
            </TextLine>
            <TextLine id="r1l20" custom="readingOrder {index:17;}">
                <Coords points="1837,2857 1854,2857 1860,2850 1867,2850 1878,2857 1884,2854 1891,2861 1908,2861 1908,2724 1884,2724 1874,2731 1854,2721 1837,2721"/>
                <Baseline points="1854,2799 1890,2799"/>
                <TextEquiv>
                    <Unicode>--</Unicode>
                </TextEquiv>
            </TextLine>
            <TextLine id="r1l21" custom="readingOrder {index:18;}">
                <Coords points="3460,321 3483,328 3491,322 3500,334 3507,332 3513,340 3530,342 3561,143 3540,143 3522,123 3492,119"/>
                <Baseline points="3488,249 3527,255"/>
                <TextEquiv>
                    <Unicode>2</Unicode>
                </TextEquiv>
            </TextLine>
            <TextEquiv>
                <Unicode>

















</Unicode>
            </TextEquiv>
        </TextRegion>
    </Page>
</PcGts>
