3771 4654
646 243 1318 397 T gb. 24.3.1931.
656 384 3446 570 ich glaube, dass eine so lange Einquartierung für A. sehr anstrangend
675 546 2384 696 ist. Aber was wird sich alles daran knüpfe
650 662 3387 812 25.3. Carry 38.5 Morgentemperatur. In der Nacht Bier getrunken nach-
669 768 3459 924 her Uebelkeit. Alle meine Ermahnungen eine gewisse Diät zu halten
688 941 2237 1082 sind vergeblich. Wie machtlos ist man!
684 1069 3538 1240 26.3. Frük 37.7. Um ¼ 38.9, entschiedene Besserung, noch wage ich nicht
676 1170 3320 1327 mehr zu sagen. Gestern Abend mit A. aufregender Film "Südpolarflug"
671 1319 3280 1486 Bird", dann nachhause jeder für sich. Kaltes Wetter. Heute Abend
659 1455 3310 1594 Sternwartestrasse mit Frieda, Bruder und einem Herrn Thomasberger.
677 1566 3464 1696 27.3. Schlechter Tag. Früh 38.7, Mittag arge Ueblichkeit, hohes Fieber,
669 1681 3427 1823 später 39.2, aber bei schon besserer Verfassung. Allein mit Carry, der
685 1809 1589 1981 sehr bedrückt scheint.
671 1964 3526 2100 Abend mit A. bei dummen Film, da es das Einzige ist, was ihn zerstreut.
658 2109 3548 2270 Dann bei ihm. Zärtlichkeit, die aber sehr müde scheint - vielleicht Mit-
642 2229 930 2362 leid.
661 2337 3358 2503 28.3. Gottlob Temperatur 37.6, wie ich telefonisch höre.-Nachmittag
703 2514 3322 2675 wieder Erbrechen und Mattigkeit, Temp. 39.2. Abend allein zuhause.
703 2614 1981 2785 Anna hat mich bei Carry geholt.
664 2763 3390 2895 29.3. Früh 36.9,Mittag wieder 39.7, aber Allgemeinbefinden sehr ge-
667 2880 3304 3056 bessert, keine Ueblichkeiten. A. Mittag mit mir zu Carry und Magdi
657 2971 3430 3163 zu ihrer Grossmutter begleitet. Ich bis gegen 4 Uhr bei Carry, der in
658 3124 1454 3281 guter Stimmung war.
662 3267 3417 3413 Abend mit A. im Kino "Liebe auf Befehl", saudunn, dann bei ihm. Matte,
658 3394 1612 3533 verlegene Zärtlichkeit.
661 3511 3498 3708 30.3. Carry 37.6 Temp. A. mich erst um 1/4 11 angerufen, weil die "Mas-
702 3677 3500 3834 seurin" bei ihm war.-Abend A. mich geholt. "Brüder Karamawoff". Dann
658 3796 2554 3936 nachhauwe. Cary Nachmittag weniger wohl,39.2.
649 3914 3458 4104 31.3. Cary wohler, aber ich bin noch sehr unruhig. A. Abends kurz bei
690 4035 2012 4194 mir. Ich wie täglich 1/2 1-4 Carry.
