3690 4694
2748 202 3133 377 13.8.27.
947 439 3236 562 An Gästen ist äusser dem alten Herrn Baru,Schwiegervater
588 574 3166 709 der Haustochter, einem sympathischen netten Menschen, der sich an
587 699 3238 864 Stelle dessehr leidenden Hausherrn um die Landwirtschaft kümmert,
597 868 3245 968 und einer Aerztin kein Mensch hier. Alfred, der bei meiner Ankunft
596 954 3149 1076 noch zu Bett war, kam erst gegen Abend zum Vorschein. Er tut mir
602 1098 3351 1241 schrecklich leid. Ein Mensch, der immer nahezu robust war, nie gewusst
602 1221 3434 1388 hat, was ein physisches Unbehagen ist, sehr lebhaft und vergnügungssüch-
589 1385 3233 1489 tig und sehr tätig, zu absoluter Untätiigkeit verdammt. Es ist immer
595 1470 3300 1598 ein sehr guter, herzlicher Ton zwischen uns. Er hat mich einmal sehr
596 1615 3344 1737 sehr lieb gehabt, aber seine Frau konnte ganz ruhig sein. Ich glaube,
609 1750 3368 1862 sie hat, wenn auch nie gewusst, so doch geshnt, und mein gutes Benehmen
595 1874 3405 1996 empfunden. Es wurde gestern viel von alten Zeiten und alten Bekannten
607 2022 3187 2152 gesprochen. Man sass nach dem Nachtmahl noch lange beisammen und
594 2129 3314 2297 es war §12 als ich in mein Zimmer kam. Ich habe bis 6 recht gut ge-
586 2275 3363 2412 schlafen, dann die Fenster aufgerissen, die ich des Nachts wegen eines
585 2406 3388 2535 heftigen Unwetters schliessen musste. Es regnete noch und es regenete
554 2532 3415 2642 bis vor einer halben Stunde. Jetzt glänzen auf den hohen alten Bäumen
590 2682 3147 2809 des Parks die ersten Sonnenstrahlen. Ich glaube, es wird schön.
1137 2808 3304 2924 Mizi, die heute zu ihrem Mann nach Wien fährt, will mir
583 2937 3188 3070 den Brief in Graz rekommandiert aufgeben lassen. Auch Miss Grace
621 3058 3309 3192 fährt fort, über Wien nach England zu Verwandten. Es wird hier sehr
589 3184 3193 3339 still sein. Für eine paar Tage Erholung und Arbeit sehr gut. Ich
572 3321 3346 3482 möchte am 18., spätestens Freitag den 19. hier fort, denn Samstag und
570 3455 3499 3592 Sonntag sind schlechte Reisetage. Im übrigen erwarte ich Deine Vorschlä-
571 3551 745 3688 ge.
1126 3646 3347 3800 Eine Stunde vor meiner Abreise von Wien bekam ich mei-
576 3726 3452 3923 nen Roman von Zsolnay retour nit einem sehr liebenswürdigen, anerkennen-
576 3886 3375 4018 aber, aber darum nicht weniger ablehnenden Brief. Ich gestehe, dass ich
591 4003 3391 4168 ausmannsweise überrascht, oder richtiger enttäuscht war. Ich habe mich
579 4144 3209 4310 aber gleich derfangen und obwohl ich schon den Hut am Kopf hatte,
577 4313 3384 4453 gleich den Speidel-Verlag angerufen. Herr Speidel ist auf Urlaub, aber
