3771 4715
477 203 936 413 Tgb. 12.6.
467 377 3454 555 Hände, Arme und besonders Beine unmöglich. Ich habe nie so dicke, schlecht-
480 543 3450 686 raszige Beine bei einer jungen, sonst so gut ausstehenden Frau ge-
480 673 3298 815 sehen. Ich war die Einzige in Schwarz, da ich äusser diesem Abendkleid
490 785 3494 928 (Geschenk von Hedwig) nichts besitze. Ich hatte das Gefühl ramponiert aus-
485 921 3489 1086 zuschauen. A behauptete heute das Segenteil.Wenn - dann - war es Kunst.
484 1050 3510 1171 Eine Stunde mein Gesicht bearbeitet. - Schwüles Wetter und tägliches Gewit-
469 1185 693 1338 ter.
477 1289 3058 1462 13.6. Gestern Abend Anna bei mir. Sie demütig, meinen Spötteleie
485 1473 2767 1616 über, behauptet, der Welt wäre nur zu helfen, wenn alleMense
483 1580 3327 1727 ben würden. Ich sagte, das seien nur Worte, die nicht einmal Christus was
484 1708 3393 1855 genützt haben. Der Augenblick wird nie kommen, auch wenn er die Welt vor
490 1842 3403 1972 dem Bolschewismus retten könnte. Mittag war ein furchtbares Gewitter und
469 1965 3452 2128 heute zieht es sich auch bedrohlich zusammen. Auch die Gerüchte, die durch
468 2073 1549 2260 die Stadt schwirren, sind d
478 2251 3486 2402 14.6. Gestern Abend mit A. im Kino (Salto mortale). Endlich ein guter Film.
472 2356 3359 2490 A. kam in scheinbar besserer Stimmung und berichtete,Ruth sei plötzlich
485 2486 3395 2637 aufgetaucht und drüben gewesen. Er wisse eigentlich nicht, was sie wolle,
466 2639 3488 2807 da die gerichtliche Scheidung vollzogen ist.Ich verstehe natürlich nicht,
487 2756 3288 2902 wozu er sie empfangen hat. Aber das geht mich Gottlob nichts an. Beim
471 2868 3441 3051 Abendessen, bei dem er auch etwas gesprächiger war, frug er mich plötzlich,
971 2998 3318 3155 sondern gewesen werden, denn auch auf meine Antwort, dass ich vorläufig
493 3155 3359 3328 keinerlei Plan hätte, meinte er, ich soll doch irgendwo hingehen, er werde
485 3271 3286 3400 mir dann nachkommen. Ich sagte mehr dezidiert: "Nein". Ich lasse mich
472 3391 3455 3575 heuer nicht wegschicken, er müsse fühlen, dass zur Besserung unserer Bezie-
482 3542 3448 3706 hung von ihm aus etwas geschehen müsste und wenn das nicht der Fall sein
484 3663 3363 3829 wird, dann werde ich eben entsprechende Entschlüsse fassen. Es habe aber
485 3806 3368 3910 keinen Sinn darüber irritante Gespräche zu führen. Wir waren dabei ganz
475 3905 3368 4103 liebenswürdig und ruhig. Im Wagen sagte er, er könne nicht leicht in ein
463 4060 3502 4203 Hotel wegen seines Magens und wisse überhaupt nicht, wohin man gehen könnte.
465 4191 3453 4337 Ich meinte, ein Ort und ein Hotel werden sich schon finden lassen, er wisse
3550 121 3690 273 186
