3771 4622
511 203 1167 415 Tgb. 14.6.1931.
523 448 3296 578 sehr genau, dass ich mich da ganz seinen Wünschen füge und jedesfalls
515 585 3448 732 müsste man fragen, was seiner Gesundheit nützlich sei. Das Wohin sei kei-
525 698 3416 831 nesfalls der springende Punkt für uns. Ich hatte Abend wieder Gallenbe-
527 832 2176 987 schwerden und eine sehr schlechte Nacht.
519 966 3333 1086 Heute Mittag bei Elme im Spital, die mir unbeschreiblich leid tut. Lag
529 1089 3492 1246 dann eine halbe Stunde bei Garry im Zimmer mit Herzbeschwerden und sprach
521 1205 2349 1360 mit ihm über mein Elend wie mit einem Freund.
519 1347 3493 1487 Abend mit A. bei "Amphytrion 38" mit der Bergner. Das Stück in der Ueber-
525 1483 3365 1643 setzung nicht so gut wie im Brandösischen, aber doch mehr reizvoll. Die
510 1625 3361 1793 Bergner unbeschreiblich gut. Sie ist doch das grösste lebende Theater-
517 1781 3319 1906 genie. Nachher im Krantz soupiert. A. nahm beim Fortgehen vom Theater
1041 1841 1571 1944 ein paar Mal
515 1885 3445 2044 bei Uebergängen meinen Arm, wodurch eine etwas bessere Stimmung geschaf-
508 1985 3329 2175 fen war. Die O. kommt übrigens nicht und A. behauptet, er sei sehr zu-
517 2110 3521 2330 frieden damit. Aber ob es nicht nur ein Aufschub ist, um sie später irgend-
529 2273 1214 2424 wo zu treffen--?
500 2375 3281 2591 Morgen ist A. bei Trebitsch zu Mittag mit der Bergner zusammen. Ich
515 2529 3410 2687 finde es ist mehr ungezogen fon diesen Leuten mich nicht einzuladen, da
520 2657 3319 2818 sie mir Revanche schuldig sind und das Ekel Siegfried mir, als A. und
513 2797 3372 2951 ich ihn gemeinsam in der Stadt trafen, direkt wagte, "ich hoffe Sie Beide
512 2928 3396 3103 noch vor dem Sommer bei mir zu sehen.“ A. meint, die Bergner habe sicher
511 3088 3392 3213 gewünscht möglichst allein zu sein. Von mir aus, -ich hab andere Sorgen!
504 3173 3329 3333 16.6. A. in der Früh besonders kurz und unfreundlich beim Telefon. Ich
495 3326 3510 3443 dann in der Stadt beim Friseur, weil wir Abend bei Alma und Werfel in ihrer
510 3418 2357 3622 neuen Villa auf der Hohen Warte geladen sind.
499 3556 3510 3728 Nachmittag. Nein, nein, so wird es nicht weiter gehen. Ich möchte nur durch-
496 3718 3410 3858 halten bis Harry fort ist. A. rief mich um 25 an, erzählte, bei Trebitach
507 3840 3395 3999 seien 15 Personen gewesen ausser der Bergner, der französische Botschaf-
510 3970 3477 4148 ter, Schneiderhahn, Bertha Z., Alma und Werzel etc. Als ich mir zu sagen er-
510 4094 3495 4263 laubte, dass es ein Affront und eine Frechheit von Trebitsch sei mich nicht
497 4279 3429 4395 eingeladen zu haben, wurde er sofort wütend, erklärte, es bestehe gar keine
3558 104 3647 301 1871
