3759 4618
592 302 821 495 1927
614 527 860 629 16.11.
623 541 3377 732 in einer kleinen Pension in der Alserstrasse, im selben Haus wie Otto
615 697 3459 894 wohnt. Sie hat ihre Villa in M. verkauft. Welche Bescheidenheit, welche
603 859 3473 1016 Anspruchslosigkeit. Ich komme mir lasterhaft und wie ein Luxembourg da-
607 965 1046 1127 gegen vor.
603 1093 2139 1260 Nachher bei A.Guter, zärtlicher Abend.
605 1216 3326 1362 17.11. Viel gearbeitet und geordnet. Am Abend mit A. in zwei Kinos.
601 1337 3338 1535 Erst "Spanische Liebesnächte", dann "Die Spielerin". A. ist manchmal
608 1488 2860 1658 wie ein kleines Kind. "Silberner Brunnen" genachtmahlt.
615 1637 3424 1789 19.11.Abend Anna bei mir. Sie tut mir leid, geht mir aber auf die Ner-
605 1771 3297 1898 ven. Ihre christliche Demut, Bescheidenheit, Opferwilligkeit, das ist
604 1898 3387 2022 mir alles zu grossartig. Dabei fühle ich unausgesetzt, wie sie um den
608 2022 2643 2169 Wert ihres Wesens, den Minderwert des meinen weiss.
601 2162 3337 2314 20.11. A. bei mir am Vormittag, da ich nicht ganz wohl bin und nicht
610 2281 3328 2404 spazieren gehen wollte. Er macht Ausstellungen an den "Lasttieren",
608 2402 3409 2598 stilistische Mängel. Er hat sicher Recht, ich habe sie in keiner guten
593 2543 1204 2672 Zeit begonnen.
606 2680 3321 2859 Nachmittag bei einem Raut bei Frau Blum. Ueberflüssige Sache.
598 2822 3378 2949 21.11. Abend mit A. Russischer Film "Mutter". Einzig - keine Schau-
605 2918 1329 3072 spieler, Menschen.
590 3016 3515 3190 A.'s Abreise nach B. rückt immer näher. Beklommenheitbzwischen uns. Ich
589 3176 3506 3312 fühle Unaufrichtigkeiten, wenn wir auch sehr freundlich miteinander sind.
561 3314 3452 3484 22.11. Zeitlich zu Bett. Anruf A. Er ruft täglich zwei, dreimal an, sein
596 3426 1631 3588 schlechtes Gewissen ruft.
583 3582 3443 3731 23.11. Erkältet imBett. Viel gearbeitet. A. hat mich dreimal angeru-
591 3699 801 3831 fen.
567 3821 3394 3968 24.11. Schnupfen besser. Soll am Abend mit A. zu Cary, Magda und Egon.
589 3959 3517 4140 Glaube nicht, dass es sehr angenehm sein wird, aber ich wollte den Kindern
588 4091 1761 4261 nicht die Freude verderben.
3563 51 3639 257 68
