3690 4667
463 359 1229 486 An A.S.,Marienbad.
1984 335 2635 528 Wien, 19.9.1929.
537 632 3367 778 Erhalte eben Ansichtskarte vom 18., habe einen einzigen Brief am Mitt-
541 747 3388 907 woch Nachmittag und drei Ansichtskarten, bedauere Postunzulänglichkeit,
552 894 3389 1053 glaube dieser Karte mit einigem Erstaunen neuerliche Reiseverlängerung
539 1034 3433 1206 zu entnehmen.- Ich warte Brief ab und schreibe vorderhand nicht ausführ-
537 1159 3220 1309 licher, da briefliche Missverständnisse auf Grund von Verstimmungen
584 1274 3299 1462 fürchte. Wünsche weiter alles Gute und Schöne und herzlichen Gruss.
2489 1428 2702 1568 C.K.
3448 107 3595 277 273
