3771 4723
383 236 1403 386 Fortsetzung 18ten I. 1931
389 401 3448 611 Ich glaube es nicht aber ich lasse es mich nicht merken, um ihn nicht zu
405 618 3468 725 alterieren. Wenn er dort war, so ist er vorher oder nachher wo anders gewe-
389 713 3396 886 sen, denn er kommt von Gisa immer sehr zeitlich zurück. Gott, diese Sorgen
404 866 2953 1031 und dazu dieses gerechtfertigte Mistrauen, das bringt mich um.
381 1023 3479 1149 Abends mit Heer- Hofmanns und Saltens bei A. genachtmahlt.. Langweilige end-
401 1134 3519 1243 lose Theater - Gespräche. Salten ist mir unheimlich. A. sah übrigens so nüde
394 1301 2955 1431 aus, dass ich den andern um ½ 12 ein Zeichen gab aufzubrechen.
398 1356 3519 1548 Beer Hoffmann sagte mir am Heimweg, dass ihm das Bild aus der Cordey (in der
389 1523 3436 1668 N. Fr. Presse ) sehr gefallen habe. Ich versprach ihm das ganze Stuck zu s
406 1651 803 1802 schicken.
398 1785 3504 1914 A. heute V. M. erste Burgtheater-Probe. Ich in der Stadt (Dorotheum), woll-
396 1928 3086 2050 te einen Ring versetzen, bekam aber nicht soviel als ich brauchte.
384 2023 3478 2203 N. M. Rudy mit Maler Zcettel dem ich " Mimi und Gwendy übergab, wegen even-
390 2205 3354 2331 tueller Beeinflussung des Wildgans. Um 1/8 zu Benedikt (N. Fr. Presse)
404 2297 3494 2423 wegen Novelle "Mütter". Fast I St. Gespräch. B. Überaus nett zu mir. Dann
410 2432 3582 2589 zu A. mit ihm und Frieda genachtmahlt, da er der Proben wegen abends dictiebst
402 2566 3488 2751 20 ten I. Geburtstag meines Mannes. Ich gedenke seiner ohne jeden Groll aber
405 2700 3134 2814 auch ohne jedes Gefühl von Zugehörigkeit. Wie weit ist das Alles--
409 2759 3452 2940 V. M. in der Stadt. Einen Ring und eine Perlen- Nadel für 400 Sch. versetzt
403 2914 3380 3040 eine ½ St. unter 20 Menschen angestellt gestanden. Gemüse und Käse für A.
395 3044 2552 3146 besorgt, da seine Köchin garnicht gut für ihn sorgt.
396 3145 3475 3333 N. M. Telefon- Gespräch mit ihm. Er scheint von den Btohen garnicht befrie-
395 3297 655 3433 digt.
405 3422 3581 3583 Stiller N. Mittag. Vergeblicher Versuch zu arbeiten. Biografie weitergeschrie-
408 3538 3408 3702 ben und gelesen. Kurzes Abendgespräch mit A. Warmes Bad. Sonst immer Früh
402 3676 3527 3868 ein Halb- Bad aber ich hatte so eine Sehnsucht nach heissen Wasser. War wie
411 3823 792 3968 erstarrt.
408 3947 3389 4085 21 ten Elend geschlafen. Keine Möglichkeit zu arbeite". " Alexanderplatz"
401 4071 3417 4208 weitergelesen (ohne Vergnügen) und Biogr. weitergeschrieben. Wetter mild
398 4198 3571 4351 aber wässeriger Schnee.. Keine Lust auszugehen. 2 Tage keinen Menschengesehen,
390 4315 3527 4489 Kurze telefonische Gespräche mit den Kindern. N. M. geschlafen. Soll am Abend
3526 110 3657 251 142
