3678 4667
2894 452 3310 633 7.8.1925.
554 505 2674 730 wundervollen Tag mit Dir tausendmal mehr genossen.-
1121 722 3185 839 Wir sind um 7 Uhr Früh hier fortgefahren, Himmel und
597 827 3349 1015 wässer waren strahlend blau. Ueber Torbole, Limone, Malcesine, Maderno
628 977 3366 1091 und noch ein paar kleineren Ortschaften kamen wir um 10 Uhr in Gar-
562 1141 3378 1266 done an. Da ich in Erfahrung brachte, dass die Trambahn nach Salo erst
565 1228 3202 1414 in 1½ Stunden abfuhr, nahmen wir einen Einspänner und machten eine
566 1374 3373 1514 Rundfahrt über Salo und kamen nach einer Stunde wieder in Gardone an.
598 1503 3289 1651 Dort gingen wir in das Grand Hotel, liessen uns in der riesigen und
560 1631 3269 1747 sehr prächtigen Halle Thee, Butter etc. xg geben und verzehrten den
553 1777 3362 1891 mitgebrachten Hotel-Lunch erst am Schiff auf der Heimfahrt. Ich liess
547 1909 3313 2029 mir in diesem Hotel, das das schönste und grösste ist, auch die Zimmer
609 2042 3319 2187 zeigen und kann Dir sehr genau darüber berichten. Einbettige Zimmer
559 2163 3154 2316 nach dem See mit Balkon kosten 70-75 Lire, mit fliessendem Wasser
550 2234 628 2389 1.
590 2288 3239 2431 (kalt und warm) 80 Lire. Nach rückwärts mit Aussicht auf die recht
555 2414 1580 2560 staubige Strasse 65 Lire.
1105 2545 3248 2698 Es scheint noch sehr leer. Ich sah im Haus kaum drei
520 2684 3277 2812 Gäste. Die Halle etc. und die ganze untere Anlage erinnern stark an
537 2792 3311 2966 das Hôtel des Iles Boromes. Scheint auch wie dieses ein altes Hotel,
541 2946 3241 3091 an das jetzt noch ein neuer Flügel angebaut wird. Das zweite Hotel
532 3066 3345 3194 Savoy ist in vollstem Umbau begriffen und derzeit kaum bewohnbar. Die
1928 3159 2221 3244 die von
522 3187 3302 3348 Lage von Gardone ist viel schöher als (Riva, aber ich glaube vorläufig
542 3330 3434 3459 noch mehr Vorsaison. Zu dem Grand Hotel gehört ein Riesenpark, nur durch
539 3453 3292 3576 die Strasse getrennt. Badende sah ich nicht, weiss daher nicht ob die
521 3601 3227 3726 Badeanstalt dort grösser oder besser ist als hier. Eigentlich ver-
513 3723 3250 3875 wunderlich, dass um die Mittagszeit eines so heissen Tages keinerlei
520 3851 3262 3975 Badeleben zu bemerken war. Die Gegend ist natürlich wundervoll. Der
524 3951 3329 4124 ganze Strand voll blühender Oleanderbäume in weiss und rot, Zitronen-
528 4105 2478 4238 und Olivenwälder. Es ist schon sehr, sehr schön.
3418 128 3584 309 189
