3787 4803
579 314 1224 468 Tgb. 21.6.1929.
585 467 3400 597 sellschaft hat. Raoul Auernheimer, mit dem wir am ersten Abend, als ich
591 608 3520 714 schon fieberte, zusammen sausen, gestern Werfel und ein Filmmensch, mit dem
592 709 3352 872 es aber zu keinem Abschluss kam. Heute Herr Schinnerer aus New York,
595 850 1834 996 der ein Buch über A. schreibt.
599 982 3377 1170 22.6. Mehr Fieber und neuen Belag. Fühle mich elend. Bin froh, dass A.
594 1149 3375 1301 den Herrn Schinnerer hat. Er war Vorm. mit ihm am Pinkenkogel und ist
618 1307 3349 1437 Überhaupt so fesch und frisch wie seit einem Jahr nicht. Liege stun-
614 1419 3323 1558 denlang allein, starre vor mich hin, habe arge Kopf-und Halsschmerzen
601 1560 3375 1722 und kann nicht einmal lesen. Mein einziger Trost, dass A. der Aufent-
593 1697 1556 1855 halt sichtlich gut tut.
608 1816 3350 1968 Habe mir eine Novelle erzählt, die ich nur niederzuschreiben brauche.
606 1936 2946 2102 Ganz lebendig ist sie mir geworden. Nur schon gesund sein.
598 2126 3391 2302 23.6. 5 Uhr Nachm. Eben für 2 Stunden aus dem Bett gekrochen, ich sehe
619 2277 1061 2422 elend aus.
611 2477 3328 2599 24.6.Fröhlliches Mittagessen mit A., Frieda, die für 2 Tage heraufkam,
622 2627 3439 2755 und Prof. Schinnerer, der ein besonders netter Mensch ist. Nachm.
608 2735 3470 2866 mit Frieda in der Halle getratscht. Am Abend alle zusammen im sogenann-
608 2858 3477 3005 ten Bauernstüberl genachtmahlt. Ich xxx fühle mich noch recht schwach.
601 3003 3107 3125 Alle fanden mich trotzdem hübsch und A. ist sehr lieb zu mir.
602 3178 3536 3329 25.6. Heute Vorm. den ersten kleinen Spaziergang und im Panhans gegessen.
653 3312 3083 3450 Mit 30.7.heimgekommen, den Abend im Bett verbracht. Zu dumm.
621 3511 3492 3642 26.6. Vorm. Ein wenig in der Halle. Abschiedessen mit Frieda und Schin-
621 3632 3475 3795 nerer, die um 3 Uhr abreisten. Dann wieder mit Temperatur 37.3 zu Bett.
612 3783 3455 3903 Schinnerer hat schon die Hälfte meiner Novelle "Die Tochter des Hauses"
611 3888 3458 4013 gelesen, findet sie ausgezeichnet, will sich überhaupt um meine Arbeiten
620 4040 1411 4175 in Amerika kümmern.
630 4208 3419 4304 Das Fieber steigt wieder. Ich fühle mich elend. Wenn ich nur A. keine
608 4308 1409 4443 Scherereien mache.
3516 122 3698 315 247
