3771 4723
532 173 1571 436 Fortsetzung 10 ten 1. 1930
532 403 3605 536 Ich sagte ja, ich verspreche, aber ich bitte ihn keinerlei Programme für Zu
3591 424 3654 636 de
533 545 3642 705 sammenkünfte etc. aufzustellen, dass ich nichteinmal wage A. zu fragen ob er
528 663 3699 825 morgen in ein Kino will, weil ihn jede Abmachung enerviere, und zu einer fixen
536 771 1335 925 Idee bei ihm werde.
524 919 3543 1100 Er meinte, er habe nur aus seiner Liebe zu Lily heraus das Bedürfnis ge-
513 1061 3657 1194 habt, die Eltern auf die sich ein Teil dieser Liebe übertragen hat, gemeinsa
530 1207 3532 1331 sam zu treffen aber er sehe jetzt wol, es sei ein Fehler geweden etc.Dann
524 1297 3629 1489 erzählte er dass Ruth sich schlecht gegen Heini benehme, O. Sehr gegne die R.
1811 1410 2527 1518 nimmt. Ich sagte:
518 1450 2051 1609 sei was ihr Heini wieder übel nehme.
2520 1447 3540 1620 was immer dort geschieht
509 1595 3528 1742 man soll diesen alten Mann damit verschonen, der keinem Choc mehr da ge-
510 1717 3614 1861 wachsen ist. Ich konnte nicht deutlicher sein. Im übrigen war ich sehr artig
519 1812 3642 1980 zu ihm. Als er mir seine Freunschaft zur O. erklären wollte (bei aller Kenn¬
511 1954 3694 2133 nis ihrer Fehler, wie er sagte) lehnte ich ab; das gehe mich garnichts an, das
509 2085 1207 2247 sei seine Sache.
509 2198 3567 2413 A. sagte mir heute telefonisch, Arn. sei sehr glücklich, ein freundliches
498 2374 3622 2481 Entgegenkommen oder so ähnlich bei mir gefunden zu haben. A. brachte mir heu-
504 2454 3526 2638 te auch endlich ein Bild von Lily, um das ich ihn seit 2 Jahren bitte. Es
513 2607 3591 2754 war so lieb von ihm. Gott wenn das Leben nur nicht so traurig wäre. vor mir
497 2716 1071 2892 liegen würde.
484 2779 3537 3004 Mittag die Kinder bei mir (alle drei) Zwang mich zu ein wenig Heiterkeit.
490 3000 2224 3176 Dann Carry allein mein Herz ausgeschüttet.
494 3121 3576 3310 Itten I. Noch immer Husten und etwas Temperatur. A. kommt zu mir, obwol ich
482 3243 3577 3402 bitte, es um seinetwillen nicht zu tun. Ich bin froh wenn ich in der Früh s
497 3343 1969 3541 seine Stimme am Telefon gehört habe.
488 3499 3651 3701 Er war V. M. bei mir, sah elend aus. Er bat mich ihm den Kopf mit Köllnerwas
498 3614 1219 3789 ser zu massieren.
493 3730 3650 3966 Ich verfluche die Dora M. die mir diesen Sommer zerbrochen hat,und vielleicht
489 3913 3393 4088 noch mehr. Ich kann nichts mehr arbeiten nicht anderes denken als Ihn.
