3770 4711
602 289 1329 463 3. 10 August 1927
601 453 2714 571 setzt werden, welche Rolle ich bei dir spiele und wo
3313 454 3589 604 t wird
600 581 1793 728 wenn O. oder Lily auftauchen.
613 678 3585 846 Welche Fülle von Liebe und Verständnis mit deiner Person hat dazu gehört
601 848 3599 989 Über all das hinwegzukommen welche Berücksichtigung deiner Persönlichkeit.
600 990 3458 1123 Glaube mir mein Kind, nie und nimmer und unter keiner Bedingung hätte
608 1117 3496 1250 ich das von einem andern hingenommen. Aber ich bin krank und müde darü-
605 1249 3596 1386 ber geworden. Und wenn du tausendmal sagst; die andere ist mir nichts, es
614 1361 3662 1499 ist keine erotische Beziehung, ich liebe sie nicht,ich stehe nur freundze
605 1512 3539 1634 schaftlich zu ihr, - so werde ich immer und immer wieder darunter leiden
602 1625 3608 1784 und diese Frau wird einen Schatten und mehr auf unsere Beziehung wer-
615 1751 3598 1867 fen. Sie ist nicht die Frau, die dankbar ist für das was ihr unverdienter
601 1893 3665 2030 weise zufüllt, sich bescheidet, sieh taktvoll zurückzieht. Wann immer es
602 2033 3677 2180 ihr passt, wird sie in "ihr Haus" eintreten sich breit machen und nicht sie
601 2137 3083 2301 wird vor mir, - sonder ich werde vor ihr zurücktreten müssen.
601 2284 3441 2410 Ich kann mich erinnern, als sie heuer unerwartet aus Baden-Beden hier
603 2409 3553 2549 eintraf, wie Du erbittert aagtest: Diese Dinge drängen zu einer Entschei-
609 2540 3573 2692 dung - rege dich nicht auf - das muss anders werden. Damals richtete sich
596 2657 3530 2817 deine Erbitterung gegen sie- jetzt ist das alles anders geworden, aber
594 2791 1902 2962 in einem für 0. günstigen Sinn.
595 2883 3521 3098 Ich weis nicht was ich noch hinzufügen soll, da du doch jedes Wort, und
589 3078 3535 3205 wenn es sich aus den besten Empfindungen losringt, misdeutest oder mis-
599 3177 3602 3339 verstehen willst. Ich bin am Ende meiner Kräfte angelangt. Verzeih Schrift
590 3345 3589 3499 und Schreibweise, ich bin nicht fühig über irgend einen Satz nachzudenken,
606 3417 3582 3606 Ich schreib wie ich Schreiben muss, aus einem tiefen Leid heraus aus dem
587 3555 2328 3714 ich kein Ende keinen Ausweg für mich sehe.
584 3683 2709 3864 Hier kann nur dein Herz noch helfen und entscheiden.
1626 3903 2561 4083 Deine Clara Katharina
1521 4076 3342 4326 eigenhändige Abschrift
2259 4284 3282 4521 Harchaffarius
2788 4435 3346 4601 fallen)
3606 34 3663 87 8
3625 110 3682 285 27
