3770 4718
2672 269 3349 449 17.4.1928. Bl.2
747 477 3412 595 wir begnügten uns mit einer Fahrt zur Villa Mon repos. Wunderbarer
695 608 3342 735 ganz verwahrloster Park mit weitem Blick übers Meer.Glycinien und
695 722 3409 863 Schwertlilien; -grüne Matten mit Frühlingsblumen.-Der Kutscher (zwi-
701 874 3307 982 schen 9 und 19 Jahren) wollte uns beim Aussteigen um eine Stunde
684 1010 3494 1142 belügen - da die griechische Zeit um eine Stunde vor geht.-Auch in die
700 1144 3445 1258 Festung fuhren wir ein; und besahen das innere der Kirche zum heili-
686 1281 3469 1399 gen Spirition. Von einer Fahrt ins Innere und Weitere der Insel wurde
699 1413 3329 1531 uns dringend abgeraten wegen schlechter Strassen und Gaunerei der
675 1514 3344 1651 Kutscher.-Und das Schiff ging um 6 abends wieder ab.-In Corfu kam
714 1680 3303 1769 der italienische Consul an Bord den Forestieri seine Aufwartung
690 1793 3324 1905 machen - er hatte gehört, dass Arnoldo mit der Ueberwachung eines
688 1950 3436 2078 an Bord befindlichen Socialisten betraut sei!!-Eine Art Schwimmbad:
690 2091 3383 2192 ein Riesentub durch einen Schlauch mit Meerwasser versetzt ist auf
681 2188 3329 2309 Deck, in dem sich ein fröhliches Völkchen (3-6) tummelt; ein dazu-
723 2322 3381 2424 gehöriger Berliner wandelt auch nachher mit Bademantel und Brille
731 2424 3448 2556 deckauf und deckab.- Mein Befinden ist gut, doch fühl ich mich nicht
693 2557 3334 2720 sonderlich frisch. Die erste Nacht schlief ich sehr gut, die beiden
676 2714 3400 2822 nächsten nicht so sehr; träumte auffallend viel. -Seit damals (12 Uhr
656 2790 3272 2976 Abfahrt) keinerlei Kunde von der Aussenwelt - das Radio ist hier
723 2963 3242 3106 etwas bequem, ich glaube aufodiesen Gesellschaftsreisedampfern
683 3092 3258 3251 wird man nicht ganz ernst genommen und der Kapitän selbst nimmt
681 3245 2489 3336 weder die Passagiere noch sich selbst ernst.
676 3345 3279 3473 Wir wollen jetzt ein wenig an Land mit dem Motherboot - die Küste
674 3473 3368 3639 liegt etwas dürftig da - mit verstreuten Hügeln und traurigen Häu-
715 3631 3412 3753 sern, die sich zusammengetan haben, um Katakolon zubheissen und nie-
670 3745 3384 3883 mand weiss, ob sie auf der zweiten oder dritten Silbe betont werden.
678 3870 3413 4019 Morgen in Athen hoff ich die ersten Nachrichten und jedenfalls eine
675 3997 3282 4152 von Dir zu finden. Widerlich und dumm sind die Passgeschichten.-
668 4157 3330 4272 Gestern eh man ans Land durfte, musste man sich anstellen und sich
3579 110 3701 271 103
