3674 4678
608 242 1271 386 An A.S., Berlin.
2080 249 2740 422 Wien, 23.3.1929.
589 423 1024 634 Liebster,
1164 590 3251 730 eben kam Dein Expressbrief oder richtiger vor einer
623 715 3248 880 halben Stunde und seither habe ich mich bemüht ihn zu entziffern,
618 858 3384 996 was schliesslich auch ziemlich gelungen ist. Jedesfalls scheint noch
617 989 3424 1105 immer alles unentschieden, was ich um Deiner Nerven willen sehr bedau-
615 1116 3252 1234 ere. Ich kann das alles natürlich schwerlich verstehen, da ich mit
610 1234 2809 1378 dieser Welt von Lug und Trug gottlob nie zu tun hatte.
1130 1355 3304 1506 Ich bin nur froh, dass ElisabethnBergner trotz des In-
610 1497 3373 1655 ventarisierens Zeit fand eines der Feste der U. zu besuchen und dass
604 1646 3296 1802 sich dort unter Deiner Flagge all die Menschen einfinden, die immer
604 1753 2232 1892 behaupten sie nicht ausstehen zu können.
1127 1899 3235 2046 Du begreifst nicht, mein Kind, wieso meine materielle
599 2020 3257 2159 Lage mich eben jetzt besonders bedrückt, wie Du mir schreibst? Nun
605 2159 3322 2286 denke mal: ich könnte auch einmal etwas wollen, was über die Bedürf-
595 2266 3388 2402 nisse des Alltags hinausginge - ich verfüge nicht über eigene Mittel,
600 2420 3338 2563 die es mir ermöglichen und nur solche kämen in Betracht. Ich spreche
632 2561 3205 2688 nicht von Festen, nicht einmal von Gästen, Zerstreuungen irgend ei-
596 2688 3264 2801 Art - (für die es nicht langte) weil ich mir dergleichen kaum wünse
596 2816 3278 2941 te, aber ich könnte denheftigen Wunsch haben auf und davon zu gehen-
599 2938 3341 3076 ich kann nicht. Ich sage noch nicht, dass ich will, aber ich sage nur,
605 3082 3423 3203 wenn ich wollte - ich kann nicht, kann, nicht. Und dieses nicht selbst-
591 3191 1894 3318 ständig Können macht mich krank.
1095 3318 3181 3452 P. hat schonwor einigen Tagen eine höfliche Absage
579 3450 3387 3612 vom Verlag Zsolnay für mich bekommen: "Passt nicht in den Raumen ihres
578 3580 3190 3744 Programms". Und von U. wird die Antwort wohl ähnlich lauten. Ich
585 3707 3222 3867 bin in einer Stimmung, in der ich besser nicht schriebe. Auf diese
586 3850 3260 3967 Entfernung kann jedes Wort zu einem Missverständnis werden und man
586 3985 3422 4130 sagt leicht zu viel oder zu wenig. - Jedenfalls wünsche ich Dir von Her-
583 4053 3415 4200 zen einen guten Ausgang Deiner Verhandlungen und ein erfreuliches Re-
563 4137 3245 4301 sultat. Nochmals alles Gute und bleib gesund. Du ahnst nicht, wie mir
583 4204 1688 4365 ums Herz ist. Deine C.K.
3495 48 3581 144 -
3446 128 3582 263 222
