3798 4598
1992 280 3360 445 Berlin, 8.2.1926. Hotel Esplanade.
2040 396 2998 516 (nach Wien, Pregegring.)
639 500 3287 667 Mein Liebes, zur Zeit, da ich Dir sonst telefoniere, setze ich mich,
688 634 3265 751 während daneben die Badewanne rauscht, an den Tisch und sende Dir
678 744 3294 900 meine innigsten Grüsse (Küsse nach Schluss) und erstatte Bericht
686 875 3288 1031 über das gestrige Ereignis, das mir in dem selben Augenblick schon
678 1018 3295 1137 lächerlich erscheint, da ich es Ereighis nenne. Um aber nichts zu
645 1109 3421 1308 vergessen, will ich chronistisch vorgehn, eine Gewohnheit. Samstag also
641 1277 3318 1436 6 Uhr zu Georg Engel, woselbst schon der Vereinsekretär Birkenfeld.
631 1419 3463 1561 Die Bergner (zu der wir hätten fahren sollen) kam zu uns, – eben von Bar¬
634 1547 3349 1702 nowsky, der ihr die Else eben noch von 2½ Stunden auf 1 zusammenge¬
677 1655 3361 1860 strichen hatte. Sie tat oder war höchst aufgeregt wegen morgen und
631 1827 3223 1966 fügte sich meiner Reihenfolge (Else-Gustl) ohneweiters.– Ich ins
629 1941 3409 2111 Schillertheater, Jugend, Heini spielte den Hans sehr gut; die Gesamt¬
649 2094 3365 2262 vorstellung etwas laut und nicht ohne provinzielle Atmosphäre. Lili
668 2194 3327 2324 und Olga »nach Hause«; – ich mit Heini Esplanade; er auf den »Bösen
599 2334 3332 2465 Buben-Ball« (der jetzt auch in Berlin). Ich um 12 Uhr ins Bett und
636 2457 3362 2612 nach guter Reiseart fast 8 Stunden »glatt«, wie man hier ununterbro¬
677 2597 3549 2703 chen sagt, durchgeschlafen.– Den Sonntag Vormittag mit Telefongesprächen
637 2738 3300 2874 und Gustl-Versuchen verbracht.– Nach Dahlem, bei Dora M. und ihren
677 2865 3318 3014 zwei Söhnen gegessen (der Gatte ist nach Wien in der Sache Jakob –
643 2981 3298 3102 Julie) (der älteste in Hamburg, Secundararzt); dann in Hotel; ein
669 3086 3378 3270 französischen Stück von K.... »la nuit est å nous« (theilweise
638 3247 3439 3396 hübsch) gelesen. In den Reichstag. Elisabeth Bergner mit Barmowsky;
635 3417 3489 3573 in einem entzückenden Else-Kleid; und voll echtem und gespieltem Aber¬
681 3516 3252 3670 glauben; von einer Freundin umgeben (jede Schauspielerin hat so
635 3655 3234 3800 eine Freundin); – Georg Engel (der Präsident des Erzählverbandes)
633 3763 3449 3909 eitel, vereinmeierisch und nicht sehr gescheidt; die nette
620 3902 3358 4054 blonde beflissene Sekretärin Birkenfeld. Saal überfüllt. Engel hält
642 4043 3358 4178 eine kleine ein- (und an-) führende Rede über die Blüten österreichi¬
636 4206 3441 4370 scher Kultur (oder so), die heute  etc. etc.…in diesen Hallen.
