3771 4722
2847 282 3505 427 16.3.1929 Bl.2.
759 531 3424 637 ergen Mittag Fischer, wo auch Elisabeth hin kommt.-Eben, mein Liebes,
701 640 3452 761 kommt Dein Brief Nr. 2. Ich danke Dir und bedauere, dass sich der Sma-
656 752 3393 865 ragd nicht von Dir trennen will, bin aber froh, dass Du mit dem Zahn-
704 909 3390 1040 arzt für einige Zeit fertig bist. Es geht mir gesundheitlich gut; -
672 1038 3447 1161 und ich bin bei Dir mit allen meinen innigsten Gedanken und Gefühlen!
661 1134 2353 1278 Sei tausendmal umarmt, mein Liebes,Dein A.
1800 1309 2077 1494 ----
3514 103 3648 284 210
