3686 4703
2522 342 2989 497 Semmering, 25.8.1928.
612 353 1567 495 An A.S. Hohenschwangau.
610 559 1141 703 Mein Liebes,
1096 708 3310 825 heute bleibe ich wohl ohne brief von Dir, denn die ein-
576 821 2914 952 zige Post, die am Sonntag ausgetragen wird, war schon da.
1062 943 3353 1090 Ich bin bei Donner und Blitz aufgewacht; ein Gewitter um
2162 1049 2305 1136 mir
609 1090 3376 1202 8 Uhr Früh, das später in Regen überging, dieser in aufsteigende Nebel
612 1223 3230 1344 und vorübergehenden Sonnenschein. Jetzt sieht es wieder eher nach
596 1344 1748 1482 Regen aus und es ist schwül.
1069 1458 3335 1617 Ich bin um 10 Uhr in die klene Milchwirtschaft gegangen,
596 1627 3298 1741 die ich seit drei Tagen gegen die Meierei getauscht habe. Sie liegt
578 1754 3269 1862 oberhalb des Hochwegs und ist ein sehr komisches kleines Lokal mit
602 1868 3356 1970 einer Terrasse und roten Schirmen und einem sehr herzigen appetitli-
598 2018 3231 2131 chen Frühstückstimmer. Nur eine Dame war äusser mir noch da. Nach
1562 2090 1732 2197 die
581 2131 3265 2236 dem Kaffee verlangte eine Zigarette -man brachte sie ihr, dann
602 2273 3224 2364 verlangte sie kohlensaures Natron, man brachte es - dann verlangte
642 2395 3302 2531 sie eine Sonntagspredigt - und sofort erklang per Radio die Stimme
623 2510 3279 2655 eines ungarischen Priesters. Der Wirt erklärte entschuldigend, bei
596 2668 3398 2789 uns in Wien beginne das Hochamt erst um 11. Ich lief davon und weiter
592 2759 3342 2915 bis zum Panhaus. Beim Heimweg kam mir einer nach Hunderten zählender
590 2911 3180 3026 Zug von Sozis entgegen mit roten Flaggen,roten Blusen oder roten
575 3026 3176 3154 Kravatten, meist Lausbuben, auch Weiber und halbwüchsige Mädeln und
595 3161 3228 3282 schliesslich auch eine grosse Musikbande. Sie sangen: "Wir sterben
591 3297 3358 3424 für unsere Fahne“ - aber sie sahen aus, als täten sie es eher für ein
572 3441 3235 3558 Glas Bier. Dann sangen sie auch: "Wir schützen mit unserm Arm die
596 3559 3363 3670 Erde, auf dass die Welt erlöset werde" oder so ähnlich. Die werden's
583 3680 1621 3857 machen!! Meinst Du nicht?
1033 3821 3347 3949 Ich glaub, ich werde wieder weiter spazieren laufen. Es ist
587 3957 3316 4071 so eine Unrast in mir, wenn ich nicht an Dich schreibe zieht es mich
577 4092 3278 4227 hinaus. Gestern Abend ging ich um ½10 noch in die Halle hinüber, um
3355 129 3501 280 141
