3678 4707
1867 245 3192 421 Salzburg, 7.9.1926.Hotel Bristol.
624 266 1436 409 An A.S. nach Luzern.
872 372 3425 551 (Nach unserer gemeinsamen Reise Bern-Zermatt-Interlaken-Luzern)
628 520 3316 654 Mein Liebes, guten Morgen. Ich habe passabel geschlafen und bereits
620 642 3390 793 gefrünstückt. Die Fahrt gestern ist ziemlich glatt verlaufen bis auf
624 770 3397 905 die Unannehmlichkeit, dass die elektrische Beleuchtung des Zuges ver-
636 908 3472 1036 sagte, man vo. 7-9 im Finstern sass und von da an bei einer Notbeleuch-
628 1081 3316 1172 tung, die aus rauchenden, flackernden und schlecht riechenden Kerzen
633 1195 3307 1341 bestand. Ich nahm mir wieder vor nie allein zu reisen. Lach nicht!
941 1316 3229 1465 bis bux war ich allein im Coupe, von da bis Innsbruck mit
653 1472 3362 1589 5 mässigen Schweizer Damen, die sehr laut waren. In Innsbruck stieg
632 1602 3313 1729 ein sehr gut aussehender Herr, Mitte Vierzig, ein, der gleich mit mir
663 1722 3365 1832 zu sprechen anfing und mir, soweit es meine kühle Zurückhaltung zu-
624 1833 3422 2004 liess, den Hof machte. Er bedauerte sehr, dass ich nicht nach Wien fuhr
640 1978 3384 2107 und bat mich um die Erlaubnis mich in Wien grüssen zu dürfen. Er kam
635 2120 3348 2244 aus Paris, St. Malo, Dinar, ist ein Tiroler, lebt in Innsbruck. Mxx Mich
631 2244 3269 2366 amüsierte die Sache nur vom Standpunkt der Konstatierung, dass ich
626 2375 3417 2533 noch immer ein wenig zu wirken vernag, "si je voulais". Auer ich will
634 2496 3428 2630 ja gar nichts anderes als dass Du mich liebst. Ich kann Dir nicht sa-
641 2647 3510 2765 gen, wie weh es mir tat, als Du gestern am Perron immer ferner und ferner
631 2762 3383 2924 wurdest und schliesslich verschwandert. Und doch weiss auch ich, dass
650 2887 3456 3032 diese kurzen Trennungen für jede, nicht nur für unsere Liebe gut sind.
627 3011 3460 3130 Man bringt sich immer wieder etwas neues mit. Morgen schreibe ich eine
661 3149 3381 3291 Karte und mehr, sobald ich Nachricht habe. Ich sage Dir noch tausend
608 3285 3456 3446 Dank für alles alles, auch wenn Du es nicht hören magst und küsse Dich.
1567 3408 1821 3532 Deine
1814 3497 2018 3680 C.K.
3390 100 3543 285 358
