3759 4530
101 154 322 3213 alles Güte, Schöne u. mehr Günste D. V. an R. M. wir
262 2493 555 3281 das auf
262 274 517 3605 jetzt will ich aus der 9 St. entfernten Post vielen. Es schütte
527 195 2223 454 Bad Ga steinnach Gmunden IÖ ten Aug. 1931
437 317 3148 574 Lieber! Dein Brief ist heute Früh mit dem Frührstück gleichzeitig zu
441 499 3427 697 kommen und ich will ihn gleich beantworten. - Es freut mich sehr dass du es
440 602 3464 787 mit deiner Wahl des Ortes gut getroffen hast und hoffe dass der Aufenthalt
432 729 3467 915 in G. trotz verschlechtertem Werter auf dein Befinden günstig wirken wird.
662 858 3440 1042 Mir geht es tatwächlich etwas besser, ich dürfte ein wenig zugenommen
465 1002 3431 1178 haben- die Herzbeschwerden haben nachgelassen ich nehme weit 2 Tagen kein
468 1123 3360 1326 Strophantus. Aussehen mässig, Nächte trotz Schlafmittels schlecht. Man
468 1293 1666 1472 darf nicht zu viel verlangen.
464 1313 3407 1573 Wenn Du mich tatsächlich zu sehen mit mir zusammenzusein oder richtiger
456 1517 3529 1717 mich wiedrzufinden wünscht: ein Wunsch - den ich wol in deinen Zeilen lese,
487 1635 3437 1873 aber keineswegs in ihnen fühle, dann musst du am 16 ten hierherkommen,
486 1779 2880 1969 welchem Datum ja durch Heinis Abreise nichts im Wege steht.
486 1927 3207 2136 Ich bin nicht in den Verhältnissen mir so lange Kuren zu gestatten.
492 2052 3474 2259 Die Menschen die ich hier kenne sind in ihren Familien ( Gotthilfs) Irene
502 2182 3271 2386 A. hat ihre Flirts, eine Ober L. G. R. der sich mir vorstellen liess
479 2281 3312 2528 und mich schriftlich um eine Zusammenkunft bat, habe ich abgewimmelt.
495 2474 3275 2633 So habe ich z. B. seit 2 ½ Tagen keinen Menschen gesprochen. Zu Aus-
506 2590 3488 2790 flügen oder Aufsuchen der grossen Hotel und Rest. fehlt es mir an Geld
511 2728 3278 2901 und wol auch an Stimmung, zu langen einsamen Spaziergängen an Kraft.
516 2817 3391 2991 Das Haus ist altmödisch und schlecht geführt, aber nachdem ich alle un-
517 2918 3537 3142 saubern Decken gleich hinausgeworfen und Blumen gekauft habe, ist das Zim-
508 3108 1107 3288 mer ganz nett.
507 3180 3455 3397 Zu erbeiten habe ich bisher nicht vermocht, wenn mir auch manches durch
520 3371 2778 3511 den Kopf, und nochmehr vielleicht durch das Herz geht.
518 3491 3628 3667 Ich bitte Dich mir möglichst gleich zu schreiben, da ja der Brief im besten
526 3599 3269 3803 Falk am 12 ten hier sein Mann und ich meine Entschlüsse fassen muss.
534 3763 3512 3943 Ein neuerliches Zusammen ein mit Dir und Schinnerer (der mich besuchen
537 3864 3089 4041 will) wäre sinnlos und ich würde mich einem solchen entziehen.
536 4008 3510 4170 Wenn Dir ein anderer Ort zu einem Zusammentreffen mit mir lieber ist als
537 4114 3201 4320 Gasten, so will ich in diesen Punkt entgegenkommend sein, darauf
536 4258 1939 4471 Kommt es ja schliesslich nicht an.
