3742 4670
2224 267 3279 425 Bregenz,Lochau 11.9.1923.
2325 417 2794 563 (nach Wien)
597 517 3254 653 Liebste Clara Katharina, wie ich Dir schon voraussagte - im Kreuz
567 705 3316 822 war meines Bleibens nicht - trotz Musik und Bekanntschaft eines Bre-
600 798 3312 935 genzer Bankdirektors samt Gemahlin; - hier im Badestrandhotel fühl
562 935 3362 1039 ich mich behaglich; - es ist im Schweizer Stil gehalten und geführt, -
553 1063 3280 1204 ausser uns kaum 3-4 Menschen da; hübscher Park, wunderschön am Ufer
559 1189 3289 1343 gelegen, mit Schirmen und Strandbad, das ich noch nicht genossen, von
557 1328 3266 1470 dem aber meine Tochter entzückt ist. Eigentliche Spaziergänge nicht
1672 1420 1963 1520 Pfänder
552 1477 3220 1594 viel - gestern bin ich zum Kinden aufgestiegen, dem Bregenzer Berg,
567 1582 3269 1709 tausend Meter, mit köstlichem (etwas verhebeltem) Blick über den See
554 1757 3403 1877 und die schweizer Berge hin. Der Weg hinab nach Bregenz war unangenehm
596 1832 3326 1962 (nicht zum Schwindeln, aber weit). Heute machen wir eine Tour um den
551 1991 3362 2108 See. Die Stimmung lässt durchaus zu wünschen übrig; trotzdem geht die
549 2125 3283 2235 Arbeit vorwärts.- Abreise nach Wien erfolgt Freitag oder Samstag, je
934 2207 1036 2288 vi
557 2260 3391 2402 nachdem xxx (von Innsbruck aus) dem Schlafwagen bekommen. Das erfahre
554 2354 3384 2513 ich heut oder morgen. Um ein paar Zeilen kann ich Dich also nicht mehr
544 2495 3348 2649 hieher bitten - vielleicht finde ich ein Wort von Dir bei mir zuhaus,
547 2635 3421 2748 da Du doch am Tag meiner Ankunft vermutlich nicht in Wien, sondern in Ga-
533 2764 3278 2878 ming sein wirst? Wie seltsam nach diesen Tagen und Wochen nun tage-
555 2898 3275 2998 und fast wochenlang nichts von Dir zu wissen! Während ich Dir diese
550 3026 3329 3176 Zeilen schreibe, sitze ich auf einer herrlichen Frühstücksterrasse am
528 3129 3218 3283 See und der Morgensionnenglanz bricht die ganze Landschaft auf; ich
539 3306 3461 3454 sehe nur die Gartenbeete auf den Wiesen vor dem Hotel und die Landungs-
550 3419 3336 3569 brücke - das gegenüber liegende Bregenz wird von der Sonne aufgezehrt
2686 3507 2738 3584 cto
558 3551 3523 3685 (was übrigens nicht mein Geschmack wäre - was für trauriges österrei-
582 3684 3273 3851 chisches Provinznest! - Ohne Menschen stell ich mirs übrigens ganz
542 3812 961 3959 schön vor.
853 3890 3504 4048 Sei tausendmal gegrüsst, Liebste, ich habe immer wieder ein Bedürf-
538 4015 3459 4137 nis Dir für die guten und seelenbefreienden Stunden, die Du mir geschenkt
549 4110 3423 4299 hast, die schlanken zärtlichen Hände zu küssen. Auf ein schönes Wieder-
557 4265 1043 4429 sehen. Dein
1890 4284 2013 4452 A.
3478 93 3561 264 des
