3771 4723
1780 242 2108 389 Tagebuc
713 351 1102 536 (4.1.31.)
739 500 3313 627 krapfen, Thunfischkonserve, gezwibelter Kartoffelsalat; ausserdem
749 644 3340 761 irritierte ihn sicherlich die morgige Ankunft Arnoldos. Ich habe
747 787 3393 935 gleich Dr.D. telefoniert.-MittagvHarry bei mir. Besprechungen we-
740 886 1539 1031 gen seiner Zukunft.
729 1016 3430 1153 5.1.31. Gestern Abend bei A., der recht matt war. Ferry D. hat ihn
736 1186 3300 1323 am Nachmittag besucht und wieder eine Diät verordnet. A. schien
739 1305 3343 1429 auch sehr mit seiner Bilanz beschäftigt. Der Mangel an Einnammen
730 1442 3377 1549 bedrückt ihn und macht ihm Sorgen. Er tut mir so leid und dieses
729 1565 3306 1708 Weib in Berlin nützt ihn in der schändlichsten Weise aus. Heute
2438 1655 2507 1729 19
743 1697 3343 1822 erzählte mir Frieda, dass er der O. jetzt Mark gibt, weil sie
733 1822 2295 1944 nicht auskommt. Ich versteh ihn nicht.
738 1957 3381 2090 Gestern der erste Teil von dem Bild aus der "Corday" in der Neuen
728 2102 3416 2231 Freien Presse. Morgen kommt der Schluss. Gott geb es nur einen Weg
723 2219 3208 2352 Geld zu verdienen. Ich habe schon von einigen Leuten, die eher
719 2354 3327 2501 streng sind, gute Urteile gehört. Emmy Wellesz und Hofrat Pollak.
726 2440 3300 2618 Ich bin sehr traurig. Der Zustand von A. depremiert mich. Wetter
721 2608 3325 2733 nasskalt, um Null herum. Gestern Abend grosse Krawalle wegen der
723 2739 3327 2878 Aufführung des Remarque-Film, antisemitische Strassengesindel und
718 2888 3199 3020 Lausbuben, die keine Ahnung haben, was vorgeht. Allein zuhause.
721 2972 3329 3110 6.1.31. Arnoldo in Wien. Machte am Vormittag einen einsamen Spa-
725 3155 3402 3277 ziergang. Abend mit Frieda und ihrem Bruder bei A. mit dem idicti-
718 3235 3409 3411 schen Schwiegersohn. Wie Lili den heiraten konnte? Ich werde jetzt
729 3394 3400 3542 immer mit Frieda und ihrem Bruder eingeladen. Morgen ist die ganze
714 3507 3390 3639 Familie S. gebeten, da werde ich ausgeschlossen. Es ist so grotesk,
719 3655 3465 3792 dass ich mich nicht mehr ärgere. "Corday" wieder in drei Fortsetzun-
717 3786 2145 3916 gen zerfetzt. Neue Freie Presse!!!
700 3924 3488 4064 7.1.31. Heute gehöch zu Dr.D., um mit ihm mündlich über A.'s Befinden
722 4032 3348 4196 zu reden. Ich weiss nicht warum, aber ich fürchte mich vor
704 4141 1508 4313 dieser Unterredung.
698 4307 3358 4444 Meine Angst war nur zu berechtigt. Dr. D. sagte, er fühle sich ver-
700 4439 3349 4549 pflichtet mir als der A. am nahestehendsten Person zu sagen - nur
3523 96 3622 279 135
