3690 4687
684 332 1287 479 An A.S. Berlin.
1977 279 2066 464 W1
2150 352 2660 471 13.10.1928.
522 523 1048 680 Mein Liebes,
1007 660 3332 829 wir haben eben telefonisch geprochen und ich schreibe Dir
564 812 3214 938 rasch, ehe ich das Bett verlasse und die tägliche Hetzerei angeht.
1001 908 3237 1073 Ich bin Dir ja so dankbar, dass Du mir zu dieser kleinen
567 1050 3220 1231 Wohnung verhelfen willst, aber es ist alles so schwer dadurch, dass
565 1181 3271 1328 Du gerade jetzt nicht da bist. Wenn Du mit mir hingehen würdest und
573 1319 3276 1444 sagen könntest: Ja, das ist gut, das kann ich mir als einen sympathi-
570 1454 3399 1593 schen gemütlichen Raumen vorstellen, das freut mich, - um wieviel leich-
553 1576 3354 1726 ter wäre mir ums Herz. Und dabei der Gedanke, dass Du dort auch Sorgen
564 1709 1244 1833 und Aerger hast!
976 1804 3191 1998 Es ist eine sehr böse Zeit für mich, denn wenn ich auch
560 1932 3262 2078 genau weiss, dass die Wohnung hier schon lange eine Belastung meiner
545 2105 3269 2254 Existenz in mancher Beziehung ist, so bedeutet sie mir doch mit all
541 2215 3233 2389 ihren tausend Erinnerungen so unendlich viel, dass ich empfinde, als
536 2378 3243 2537 ob ich meine eigentliche Heimat für immer verlassen müsste. Mit der
537 2502 3217 2610 Peregringasse versinkt etwas für mich, in das irgendwie die Wurzeln
543 2640 3154 2789 meines Wesens und meines Daseins verstrickt sind und es tut sehr
535 2749 2608 2930 weh. Aber man muss auch damit fertig werden können.
1003 2889 3275 3022 Heute Vormittag fahre ich in den Cottage,und mit Frieda
520 3015 3261 3162 in die Wohnung, der ich sie zeigen will, hoffe mit der Hausbesitzerin
539 3150 3215 3301 einig zu werden. Ich finde, sie kommt sehr hoch. Aber Tatsache ist,
532 3271 3371 3408 dass mir weder vom Hilfsverein, wo ich 20 S. eingezahlt habe, noch durch
516 3401 3339 3545 den Agenten Silberberg oder die Singer eine einzige Wohnung eingetra-
526 3533 3214 3647 gen wurde. Wie gut wäre es endlich zur Ruhe und zu einer richtigen
531 3642 3131 3821 Arbeit zu kommen. Dabei ist mir gerade in den letzten Tagen eine
463 3801 3328 3934 Menge zur "Corday" eingefallen. Oft wenn ich mit der Eiktrischen
478 3913 3310 4075 fuhr oder halbtot am Divan lag. Das Vorspiel ist mir jetzt so ziemlich
465 4059 3278 4231 klar. Ich müsst nur Zeit haben es niederzuschreiben und die physische
463 4167 3286 4350 Kraft dazu. Ich liege fast jeden Abend um 8 Uhr im Bett. Gestern Vor-
