3771 4674
2264 287 3001 456 7.8.1926. Bl.2.
743 476 3490 636 hoffentlich genützt haben. Mit dem Gedränge ist es ja heuer auf den
696 652 3399 750 Bahnen gar nicht arg. Ich freue mich sehr, sehr sehr auf Dich - und
716 778 3388 907 wenn ich nicht so raffiniert wär, so könnt ich auf Deine Bemerkung,
715 910 3330 1018 dass ich Dieh nur spüren werde, wenn ich Dich spären will, einiges
712 1036 3448 1151 höchst anzügliches erwiedern (wenn der Ausdruck in diesem Zusammen-
718 1178 2241 1280 hang nicht höchst unangebracht wäre).
709 1270 3450 1414 Und somit sog ich nur - auf ein gutes Wiedersehen und aus ein köst-
711 1429 2522 1588 liches Wiederspüren und küsse Dich innigst.
1748 1553 1977 1680 Dein
1946 1704 2070 1795 A.
1836 1820 2071 1979 - - - —
3474 110 3615 299 33
