3686 4715
532 276 1187 422 An A.S.,Berlin.
2052 298 3222 428 Wien, 21.3.1925.Hotel Regina.
506 514 949 703 Liebster,
892 626 3382 832 ich schrieb Dir heute Früh in grosser Eile und will nun rasch
525 832 3352 963 noch einigen nachtragen. Ich sitze hier in Erwartung von Emmy Erl. und
530 921 3401 1077 Lotte M., aber - ich kanns erwarten. Mir ist vor diesen Weibergesprächen
547 1081 3287 1218 eher mies und es ist ein Jammer, dass ich nur die Wahl habe zwischen
520 1204 3083 1309 Alleinsein und solchen Zerstreuungen, ich brauchte ganz andere.
929 1342 3297 1515 Ich habe Deinen lieben Brief von heute Früh jetzt am Divan
544 1483 3375 1639 liegend in Ruhe nochmals gelesen. Es ist eigentlich sehr nett von mir,
507 1584 3392 1722 dass ich gar nicht eifersuchtig bin, wenn Du mit jungen Damen in
569 1730 3382 1861 der Hotelhalle praest und mit ihnen spazieren wandelst und mit Schau-
538 1830 1570 2008 spielerinnen nachtmahlst.
937 1945 3371 2124 Ich verstehe nicht ganz zu warum Helni von dem Münchner Aufent-
518 2092 3259 2236 halt seiner Freundin eine "Läsung" erhofft. Wenn er sie liebt,bedarf
529 2241 3213 2395 es doch keiner Lösung und Missverständnisse kann eine Trennung nur
565 2385 3426 2531 fördern. Wenn er sie aber nicht liebt, dann wäre es doch besser ehrlich
531 2517 593 2578 7
545 2484 3391 2677 zu sein. Jedesfalls freue ich mich, dass Euere Beziehungen diesmal wär-
520 2633 585 2718 m.
526 2629 2010 2785 mer und herzlicher zu sein scheinen.
920 2731 3423 2911 Heute Mittag ging ich am Graben an Lily vorbei. Wir grüssten
541 2907 3340 3046 uns mehr als kühl. Ob das so hat kommen müssen? Ich glaube nicht, aber
536 3026 586 3084 de
526 3019 1595 3165 nun ist auch das vorbei! -
921 3131 3322 3310 Um ein Zimmer für mich sehe ich mich nicht weiter um, da ich
537 3286 3296 3437 ja doch am 22. April spätestens von hier fortfahren will. Ich bin
511 3425 3295 3580 schon neugierig, mit was für Projekten Du zurück kommst. Ich hoffe, Du
523 3572 3401 3682 hast auch ein bisl über uns Beide nachgedacht, wenn ich auch zugebe, dass
529 3678 3367 3859 Du in dem Trubel, in dem Du fortgesetzt lebst, wenig Zeit dazu hast. Der
519 3809 3325 3964 "Weiher" scheint auch seinem Namen Ehre zu machen und still und stumm
522 3935 3452 4082 dazuliegen. Aber die Hauptsache ist, dass Du Dich wohl zu fühlen scheinst
519 4056 1852 4255 und Dir die Abwechslung gut tut.
950 4238 3365 4377 Gestern hab ich wieder den ganzen Nachmittag gearbeitet und
3444 100 3575 268 157
