2777 1928
1287 185 2132 317 6. VII. 1916. Ischl.
690 438 2411 559 Herzliche Grüsse für Sie und Ihre Frau und
505 594 2344 686 ich hoffe Sie sagen sich beide recht bald zum
484 696 2401 793 »Thee« bei mir an. Bringen Sie doch auch Ihren
461 846 2579 944 Sohn mit. Der Aufenthalt hier ist ganz reizlos, aber
471 981 2056 1102 ich hatte auch nichts anderes erwartet.
1414 1158 2278 1277 Also auf Wiedersehen
2233 1299 2429 1398 Ihre
1748 1421 2402 1558 Clara Pollaczek
