3771 4715
1986 282 3322 440 Berlin, 3.1.1930.Hotel Esplanade.
632 484 3441 647 Eben, mein Liebes, komm ich von einem angenehmen Alleinbummel durch die
628 608 3497 747 Stadt (die schöne Schinkelgegend) mit abschliessender Gallerie (Marces,
630 731 3393 881 Böcklin,Menzel) ins Hotel zurück, finde Deinen sehr lieben Brief vom
641 898 3390 1021 1. und danke Dir herzlich. Heute Abend seh ich mir das Seltwame Zwi-
668 1014 3545 1138 schenspiel an; - gestern hat mich Elisabeth angerufen, ich sehe sie heute
631 1145 3391 1307 in der Gardeobe und bin in den nächsten Tagen bei ihr in Dahlm. Sie
618 1278 3439 1419 fährt Mitte Jänner - nicht nach London, sondern nach Budapest und Wien
629 1402 3311 1549 (Semmering). Von "Else" war noch nicht die Rede. Klein kommt Montag
630 1526 3404 1711 nach Berlin. "Spiel" bisher nur von Franfurt a.M. zur Aufführung be-
631 1663 3490 1798 stimmt. - Jetzt erwart ich Heini und Horch zu ziemlich wichtiger Bezpre-
630 1807 3340 1955 chung, bei der nichts herauskommen wird. Jessner wird nach dem kata-
633 1931 3424 2045 stophalen Durchfall des Sylvesterabends kaum mehr bleiben können. Er
629 2057 3357 2201 ist das würdige Gegenstück zu dem Wiener Direktor (von dem ich hin-
1120 2152 1921 2258 Grux 3. Wicher Gemeint
627 2169 2332 2342 sichtlich "Gang" noch nichts gehört habe.)
622 2333 3435 2463 Gestern nach Arnoldos Abreise ein Tonfilm "Melodie des Herzens" -man-
621 2448 3473 2600 ches stumme hübsch - doch fehlte die Musik, die Menschenstimmen absolut
609 2579 1178 2718 unerträglich.
1164 2727 2348 2889 Tausend innige Küsse Dein A.
604 2825 1589 2987 Sonntag telefonier ich.
1658 3078 1775 3217 - -
3544 104 3667 272 16
