3839 4783
2401 254 2678 388 Bl. 3
1866 237 2175 383 22.1.25
705 464 3338 597 Weg zurück, ohne dass irgendwelche Gespräche stattgefunden hätten.
737 568 3343 734 Lunch mit noch leidlichem Appetit, den ganzen Nachmittag verbringe
752 696 3416 822 ich etwas grippli, aber rekonvazierend auf dem Divan. Dili kommt
757 859 3355 997 wahrhaft glänzend aussehend und wir plaudern zwei Stunden. O., die
716 988 3474 1111 im "Palace" mit Frau K. einen Besuch gemacht hat, holt sie ab.- Abend
747 1111 3545 1233 zuhause; zur Arbeit hergerichtet, gelesen. (Lewisohn, gegen den Strom; -
743 1241 3554 1345 Frank Heller,Filip Collins Abenteuer; - Valery,Variétel) -In der Nacht
1642 1336 2259 1422 Waste-Träume
863 1337 1164 1410 werez
694 1342 3449 1529 Hrzklopfen noch Warteträume; aber höchst verachnupft aufge-
747 1492 3139 1625 wacht. Jetzt will ich in die Höhe und mich besonnen lassen.
1081 1631 3441 1757 - Deinen Expressbrief,Liebste, hab ich erst Sonntag Abends
748 1766 3430 1902 in Zürich bekommen. Hier ist noch keinarlei Nachricht von Dir ein-
755 1872 3587 2036 getroffen. - Dass Du mit F.S. erst nach Deiner Unterredung mit Paul Zs.
744 2047 3318 2167 sprechen willst -ist gewiss richtig; - ich frage mich nur,-ob Du
719 2123 3393 2326 Überhaupt mit ihm redensollst - da ja eine Entscheidung doch unab-
711 2271 3372 2400 hängig von ihm erfolgen dürfte. Nun, Du wirst ja nach Deinem Besuch
705 2406 3341 2548 bei Paul Zs. selbst empfinden, was das Besse sein wird. Dass Du auf
3339 2417 3426 2638 -
705 2549 3230 2665 Glücksmann - er mag so ehrlich sein als er will - und er ist es
686 2703 3305 2834 wiss - keine übergrossen Hoffnungen setzt, ist sehr klug, Dass man
719 2821 3386 2950 zur "Redoute" einen (vielmehr zwei) andre Einakter spielen müsste
749 2968 3273 3086 als die aus dem Zyklus oder auch den Abendspaziergang, - ist
685 3074 3510 3235 meine unumstössliche Meinung; - und dass meiner Ansicht in der Redoute
706 3207 3360 3332 der furchtbare Keim zu einem wircklichen Stück liegt, - dass der Akt
707 3338 3452 3444 aber so wie er ist kein vollwertiges Drama bedeutet, - weisst Du auch.
693 3465 3493 3580 Fiat justitia... ich bin unaagbar gespannt auf die neue Novelle. Ist
710 3586 3385 3695 sie schon fertig diktiert, so könntest Du sie mir doch sofort hieher
709 3723 3391 3859 schicken-? Und nun lebwohl, mein Liebes-, ich küsse Dich tausendmal,
718 3865 2837 4012 auf ein sehr baldiges und gutes Wiedersehen. Dein A.
1864 3996 2024 4087 -- — —
3559 114 3741 283 123
