3771 4654
715 254 1373 441 Tgb. 20.4.1931.
719 402 3383 546 bemerkte es, führte sie ab, legte wie in A.'s Arbeitszimmer auf den
683 544 3442 689 Divan. Sie klagte über Herzustände (Man wird glauben, sie sei in der
1091 601 1363 688 meurto
718 683 3473 830 Hoffnung). Später holte ich wie wieder. Ich kenne mich da nicht aus.
665 773 3416 951 Situation für mich scheusslich. Auernheimers bedankten sich für die
661 902 2974 1069 Einladung bei mir,Beer-Hofmanns sahen sich verdutzt an.
709 1071 3393 1243 Abend mit A. im Kino, 8höchat langweilig), dann bei ihm genachtmahlt
687 1199 3486 1326 (von quälender Oedigkeit), ich sagkein Wort. Heute brachte man mir von
703 1300 1704 1473 drüben die Lampe zurück.
667 1469 3551 1614 Mittag bei Carrý, dem es Gottlob famos geht. Er findet meinen Fuss nicht
666 1568 3470 1697 sehr gut, entzündete Stelle, liege schon um 7 Uhr im Bett, ein Atom Tem-
648 1709 1028 1821 peratur.
650 1787 3499 1985 21.4. Regen,Kälte, wie alle Tage. Ein Kastanienbaum vor dem Fenster hat
632 1970 3539 2180 K nompen zun Aufplatzen, an den Sträuchen grüne Spitzen, das ist der Früh-
650 2074 941 2211 ling!!
648 2216 3350 2404 Es ist eine Trägheit und Lustlosigkeit in mir, die mich ekelt, keine
641 2356 3406 2536 Möglichkeit zu arbeiten. Wenn ich zuhause bin lieg ich am Divan. Ei-
699 2448 3459 2673 gentlich halbwegs wohl fühl ich mich nur bei Carry, obwohl er trotzig
640 2618 3248 2788 ist wie ein kleiner Bub und im Grund doch nur die Magdi braucht.
647 2755 3291 2911 Vorm. in der Stadt Mantel probieren, traf in der Elektrischen Frau
640 2899 3453 3060 Dr. Reik, die mir erzählte, dass ein Oberlandesgerichtsrat Szetely (oder
639 2997 3224 3193 so ähnlich) für meine Romane schwärmt und dass ich überhaupt die
640 3134 3250 3330 Schriftstellerin für ihn bin. Ich glaub, ich werde nie mehr etwas
634 3269 1360 3388 schreiben können.
642 3363 3287 3529 22.4. Gestern Abend mit A. bei "Liebling" im Josefstädter Theater
678 3542 3304 3711 (Géraldy), ganz amüwantes Stück, könnte aber nach dem 3.Akt zu Ende
635 3660 3337 3819 mein. Nachher im Weissen Hahn genachtmahlt. conversation und Kälte.
629 3814 3303 3972 Ich kam in einem Zustand völliger innerer Zerbrochenheit nachhaus.
612 3915 3475 4054 Den ganzen Vormittag zuhaus. Zu Tisch Fredi, Harry, dann zum letzten Mal
618 4048 3224 4218 bei Carry im Spital. Morgen geht er nachhause. Am 30. wollen die
3569 134 3700 328 164
