3674 4687
597 269 1209 443 An A.S. Berlin.
1959 303 2576 451 Wien, 1.1.1929.
578 572 992 702 Liebster,
1130 707 3242 837 ich habe Dir gestern nicht geschrieben, da ich ja mit
590 850 3281 987 der Morgenpostveinen Brief abschickte und den Sylvesterabend trotz
588 992 3319 1111 aller guter Vorsätze in einer mässigen Stimmung verbracht habe. Die
597 1104 3356 1218 Stille und Oede des Tages wurde nur durch einen kurzen Besuch Minnas
604 1249 3281 1375 unterbrochen, die mir noch den letzten Flieder herüberbrachte - ein
605 1352 3361 1482 lieber Gedanke von ihr. Meine Hausfrau gab rote Rosen an der Tür ab.
600 1496 3393 1608 Sonst war ich immer allein und Sturm und Regen waren die eintzigen Ge-
601 1642 3310 1763 räusche die zu mir kamen. Gegen Abend kam Dein Brief. Wenn ich auch
603 1762 3193 1895 begreife, dass Du des "Oedipus" und Heinis wegen länger in Berlin
594 1886 3282 2021 bleibst, so bin ich doch enttäuscht, denn ich hatte diesmal wirklich
591 2022 3307 2135 geglaubt, dass Du Donnerstag oder Freitag hier sein wirst. Dies soll
583 2160 3517 2309 kein Vorwurf sein, aber eine Erklärung meiner etwas zerpatschten Stimmung
1105 2286 3426 2416 Sophie war zu ihrer Tantegegangen und ich sass da, unfähig
583 2364 3394 2553 zu arbeiten, schluckte mühsam die "Eugenie" zu Ende,ass eine Schinken-
565 2553 3391 2698 semmel und trank einige Gläser Portwein. Einen Augenblick lang dachte
578 2679 3344 2815 ich daran mich schön anzuziehen - Spitzenkleid und Abendmantel - ins
577 2796 3380 2917 Grand Hotel oder Bristol zu fahren und dort zu nachtmahlen. Ich hatte
581 2941 3260 3058 Sehnsucht nach Lichtern, Menschen, Musik. Aber dann wusste ich doch,
585 3071 3396 3215 dass das alles für mich viel zu teuer ist und nicht dafür stehen wür-
567 3191 3266 3324 de und ich spann mich wieder in allerhand Gedanken ein, die sich um
565 3332 3376 3482 Dich und mich drehten und sicher nicht böse, nur ein wenig traurig wa-
580 3452 3304 3600 ren. Um 11 Uhr nahm ich Phanodorm und ging zu Bett, um 12 Uhr wechte
572 3579 3288 3725 mich mein Bruder Otto mit einem telefonischen Neujahrswunsch.-Heute
584 3688 3273 3867 waren zu Tisch meine alte Tante und die Kinder da. Sie gingen alle
555 3846 3413 3999 gleichzeitig nach dem Essen wieder fort. Sonst bin ich wied er den gan-
571 3983 3392 4109 zen Tag und Abend allein. Um die Mittagszeit war ich eine Viertelstunde
566 4118 3340 4229 an der Luft. Es war nasskalt und rutschig. Am Nachmittag habe ich am
3503 116 3594 281 81
