3787 4667
678 307 1319 461 Tgb. 27.8.1929.
712 512 2919 656 ängstigt mich manchmal und ich fürchte den Rückschlag.
672 622 3506 774 Zu Fuss nach Glion (sehr steiler Weg), dann per Bahn nach Montreux. In
677 781 3449 913 übermütigster Laune Besorgungen gemacht, dann in Territet gegessen, um
680 896 3569 1025 3 Uhr zurück. Ein wenig an meinem Stück gearbeitet, Aenderungen mir noch
672 1012 3244 1197 nicht klar.-Sehr schöner Abend, A. frägt immer, ob ich ihn liebe.
680 1202 3605 1370 28.8. Vorm. Spaziergang. Im Gras geruht. A. in meinem Schoss geschlafen.
671 1361 3505 1474 Dejeuner mit Champagner. Ich hatte einen kleinen Schwips, sagte aller-
668 1488 2412 1657 hand tolles Zeug. A. schien sehr entzückt.
677 1628 3504 1800 29. 8. A. sehr lieb. Gespräche über "Zugder Schatten" etc. Nachm. ein
672 1761 3452 1993 paar Zeilen an meinem Stück. Recht heiss, und müd. Vorm. kleiner Spa-
668 1923 1077 2074 zie rgang.
675 2140 3593 2311 30.8. Spaziergang bis nach Souschaux. A. trotz Schwindelgefühl eigenain-
670 2258 3442 2407 nig weitergegangen. Mir war schlecht vor Angst. Dr. Theodor Wolff und
669 2395 3386 2535 Tochter vom Berliner Tagblatt kennen gelernt. A. lieb und zärtlich.
653 2529 3599 2671 Wir sind nur beide etwas müd von dem Spaziergang und tausend Zärtlich-
667 2682 1010 2827 keiten.
662 2871 3518 3006 31.8. Sehr schöner Tag. Gute Gespräche über „ Zug der Schatten“ und Über
678 3018 2474 3156 mein Stück. Viel xxx über Hofmannsthal.
670 3100 3445 3286 Es ist, als ob A. mich jetzt erst wirklich liebte - nach 6 Jahren - -
672 3241 2267 3356 Ich habe Angst und bin dabei sehr froh.
660 3379 3545 3507 Brief von Carry, Herry will seine Verlobung wieder einrenken. Der Bursch
663 3504 3537 3642 macht mir grosse Sorgen. Die kleine Wolff hat uns nach Tisch phylogra-
680 3669 3594 3778 phiert. A. allein und dann mich mit den beiden Herren. Sympathisches Mä-
671 3764 891 3900 del.
674 3896 3432 4048 Schöner stiller Nachmittag. Viel gearbeitet. Dann A. bei mir. In den
671 4050 3619 4170 wundervollen Abend hinausgeblickt. Später ungekleidet. Ecru-Spitzenklei.
671 4146 1994 4311 A. von meinem Aussehen entzückt.
3539 92 3695 269 259
