3787 4698
2575 234 3315 414 19.4.1926 Bl.2.
786 442 3418 593 lich und wir nehmen dort vielleicht ein deutsches (holländisches)
779 598 3377 712 Schiff nach Amsterdam; - aber auch die Reise von Las Palmas nach
770 729 3465 859 Madeira wäre möglich, wenn wir Cajüten auf dem norddeutschen Lloyd
769 861 3440 972 von Madeira nach Bremen erhalten sollten. Dies alles hoff ich in
784 974 3352 1114 den Lissaboner Bureaux der betreffenden Gesellschaften erfahren
773 1141 2824 1260 und darnach meine Dispositionen treffen zu können.
1926 1249 2653 1395 Abends, 19.4.1926.
781 1397 3356 1536 Ich setze diese Brief fort, während das Schiff Palermo verlässt.
770 1515 3385 1635 Wir kamen um 5 an - und durften nicht aussteigen. Ein Masernfall
778 1643 3290 1750 (so sagte mir der Capitän, aber es muss nicht wahr sein) in der
764 1777 3452 1899 Mannschaft hatte die Sanitätscommission zu diesem Verbot bestimmt.
781 1901 3329 2016 Nur wer in Palermo blieb durfte das Schiff verlassen. Uebrigens
772 2039 3423 2148 ist das Bild der Stadt vom Schiff aus ohnedies das schön-
771 2196 3300 2328 ste, was man innerhalb zwei Stunden geniessen kann. Hoffentlich
773 2311 3432 2427 ist die Sanitätscommission in Neapel milder. (Dass eine solche
765 2444 3327 2541 Massregel sicherlich ganz wirkungs- und sinnlos ist, - da nur der
765 2557 3467 2695 Masernkranke ausgeschifft wurde und seine Zimmerkameraden auf dem
766 2686 2584 2829 Schiff verbleiben, versteht sich von selbst.)
776 2837 3368 2959 Ich fühle mich wohl, etwas dämmerig, schlafe alles versäumte nach,
771 2950 3340 3130 lese kaum, arbeite nicht das geringste und glaube, dass es gut so
766 3078 3318 3221 ist und nicht früher eine meiner mitgenommenen Sachen vornehme,
773 3241 2561 3349 als ichs vor Sehnsucht nicht aushalten kann.
762 3349 3257 3468 Dein denk ich in Zärtlichheit und umarme Dich viele Male. Nun
761 3492 3397 3635 will ich den Brief ins Bureau geben, damit er sofort nach unserer
757 3622 3449 3753 Ankunft in Neapel ans Land geschafft und befördert werde. Wir sol-
753 3743 3455 3874 len um 7 Uhr dort sein. Da ich den nächsten Brief erst in Lissabon
759 3869 3327 4001 aufgeben kann, wirst Du längere Zeit nichts von mir hören.
756 4008 3364 4121 Aber denk darum nicht, dass ich schweige! Lebwohl, mein Liebes und
752 4110 1864 4281 denke in Güte mein. - Immer
1857 4251 2088 4388 Dein
2114 4299 2214 4539 A.
1691 4457 1966 4563 - - - -
3508 110 3648 310 271
