3678 4667
674 348 1635 514 An A.S.Kararepass-Hotel
2556 360 3166 498 Riva, 7.8.1925.
2750 461 3211 577 Uhr Abend.
676 538 1263 683 Mein Liebstes
1208 679 3493 843 ich bin vor einer Stunde von unserm Ausflug nach Gardone
681 787 3322 942 zurückgekehrt und habe vergeblich gehofft ein paar Zeilen von Dir
677 958 3284 1125 vorzufinden. Ich bin überzeugt, es ist nicht Deine Schuld und die
670 1093 3283 1245 Post hieher braucht nur so schrecklich lang. Bitte bestätige mir
678 1227 3323 1393 nur bald den Empfang meiner Briefe I und II. Den gestrigen rekom-
675 1378 3236 1487 mandierten trug ich selbst zur Post. Als mir der Beamte auf das
671 1492 3363 1645 Rezepisse "Bolzano" schrieb (was ich bei meiner Genauigkeit gleich
673 1629 3352 1780 bemerkte, zagte ich inn, der Brief sei doch nach Karerpass-Hotel bei
661 1750 3320 1912 Karersee adressiert. Er antwortete mir, er kenne diese Orte nicht,
672 1877 3272 2044 das seien keine italienische Namen. Ich sagte ihm, ich könne mich
707 2029 3396 2173 auf den italienischen Namen nicht beginnen, worauf er sich erkundi-
664 2145 3263 2255 gen ging und dann triumphierend den Namen "Carezza" dazuschrieb.
657 2249 3319 2416 Ich hoffe, der Brief gelangt trotz der verschiedenen Bezeichnungen
686 2400 2786 2544 in Deinen Besitz, denn es war ein sehr langer Brief.
1179 2544 3375 2680 neues seit gestern: Als wir gestern nach dem Nachtmanl
643 2664 3422 2812 in der Halle sassen, gewellte sich der einzige gut, d.h. recht elegant
653 2767 3291 2950 aussehende Herr, der hier ist, zu uns und bandelte wie Carli an. Er
651 2911 3295 3068 hielt mich nämlich für Carlis Schwester und war sprachlos als ich
679 3039 3244 3178 mich als Mutter entpuppte. Er ist zirka 65 Jahre alt, Privatier
632 3203 3205 3337 aus Wien, heisst von Felsenberg, ist Witwer, hat eine verheiratete
624 3309 3283 3461 Tochter, ist Kirchenvater von St. Ruprecht, ganz sympathisch, aber zu
637 3408 3314 3597 gesprächig und etwas zudringlich, fürchte ich. Er hat sich uns auch
633 3584 3326 3741 auf dem heutigen Ausflug nach Gardone angeschlossen. Aber ich ver-
627 3701 3331 3855 sichere Dich, dass ich trotz meiner beiden Kavaliere alle Entschei-
633 3839 3309 3986 dungen selbst treffen musste, dass sie nicht fähigzwaren das Schiff
622 3979 3360 4156 für die Rückfahrt herauszufinden oder irgend einen vernünftigen Ge-
630 4086 3338 4257 danken zu fassen. Ich musste immer daran denken, wie schön und sorg-
617 4221 3274 4388 los das Reisen an Deiner Seite ist und überhaupt hätte ich diesen
3460 106 3559 254 188
