3759 4707
2264 284 3041 443 30.12.1926. Bl.2.
3065 393 3221 525 Dir
743 478 3441 629 Vom Liebestrank, einem kindischen Schwank Wedekinds habe ich glaube
736 629 3401 770 ich telefonisch gesprochen.Carola Neher gefällt mir sehr gut, doch
746 778 3394 879 trau ich ihr die Leonilda vorläufig nicht zu. (Im übrigen kümmert
735 895 3301 1012 sich kein Mensch um das Stück. Gestern war ich mit Heini in der
726 1010 3458 1155 Königin " von Oskar Straus - Massary,Pallenberg; - ein sehr hübscher
731 1127 3416 1258 erster Akt, dann wird es immer dümmer. Heute seh ich Albert Stein-
736 1273 3276 1392 rück in Volpone.- Hat Dir Horch die Sitze für den Josefstädter
729 1396 3386 1535 Sylvesterabend geschickt? Sollte er vergessen haben kannst Du ihm
728 1526 3264 1677 ruhig telefoniren.- Das Wetter ist grauenhaft.-Ich gehe im Tag
728 1656 3379 1774 nicht hundert Schritte. Mein Befinden ist mässig, wegen fast unun-
732 1793 3241 1918 terbrochener fast unleidlicher Kopfschmerzen: Schlaf sehr gut
747 1923 2056 2081 (1½-2 Stunden mehr als in Wien).
733 2054 3252 2209 Aus Venedig hab ich nun wesentlichere Briefe; auch von 0.; -und
1933 2151 2249 2239 (Capellini)
725 2193 3346 2301 es steht auch ein Brief von C. zu erwarten, demlichmit gemischten
719 2328 3390 2431 Gefühlen entgegensehe. Ueber all dies mündlich. Indess lernte man
1508 2408 1764 2499 capallerie
742 2455 2449 2598 dort auch den Chef auch persönlich kennen.
732 2581 3350 2721 Gestern Mittag war ich bei Pieterkowskys, die mir beson-
728 2712 3379 2852 ders gut gefallen; in die Stadt, - sie wohnen in Dahlen,- fuhr ich
733 2826 3428 2981 mit der Tochter, die Assistentin in der Charité ist (und auch Heini
728 2974 1602 3125 schon behandelt hat).
729 3091 3373 3231 Ich freu mich schon darauf Deine Uebersetzung des ersten Aktes zu
734 3228 3270 3360 lesen: ich sende sie dann zugleich mit dem Original an Tristan
724 3368 3146 3473 Bernard (herauskommen wird natürlich nichts bei der Sache).
716 3482 3404 3606 Hoffentlich hast Du mit Deinem Roman Glück (wobei ich mehr an Ull-
718 3645 3406 3766 stein als an Fischer denke), und kriegst den Volksstückpreis für
722 3760 1272 3869 die "Treppe"
724 3824 3426 3951 Ich danke Dir sehr für das Kalenderblatt, Du bist sehr lieb. Und so
736 3930 3334 4069 will ich für heute nichts anderes mehr als Dir zum neuen Jahr von
729 4046 3417 4139 ganzem Herzen Glück wünschen, und Dir sagen, dass ich mich unendlich
728 4112 3409 4238 freue Dich bald wieder ans Herz zu drücken! Ich küsse Dich mannig-
716 4167 1769 4292 faltig und zärtlich. Dein
1718 4229 1837 4343 A.
1702 4355 2000 4452 - - - - —
1025 4393 3053 4607 c. Capitano Capellien gemeinet.
3495 127 3624 306 366
