3787 4803
539 289 1176 445 Tgb. 4.7.1929.
528 486 3362 636 Magda zu Tisch.Abend A. bei mir. Anruf der Presse; sie wollen meinen
558 608 3440 774 Roman schon in den nächsten Tagen bringen. Erschöpfende Honorarverhand-
558 776 884 926 lungen.
564 935 3362 1081 5.7. Mittag bei A. mit Prof. Schinnerer.Sehr gemütliches Zusammensein.
565 1059 3472 1228 Temp. 37. Gegen 6 Uhr Mädi bei mir, später auch Fredi, Herry zum Nachtmahl.
576 1248 3478 1396 6.7. Vorm. wieder in der Sonne gelegen, schon sehr abgebrannt.Gegen Abend
568 1402 3461 1547 A. Zum Abendessen Anna. Viel über Herry gesprochen. Erster fieberfreier
568 1522 1366 1689 Tag, aber sehr müde.
561 1701 3473 1872 7.7. Vorm.A. bei mir. Lieb und zärtlich. Sonst allein und viel gearbeitet.
568 1868 3380 2003 Unsicheres kuhles Wetter. Neini seit gestern in Wien und morgennkommt
590 2026 930 2151 Arnoldo.
569 2162 3451 2369 8.7. Vorm. mit Magdi in der Stadt und bei Krupnik ihr ein Kleid kaufen.
593 2343 1266 2484 Fühle mich matt.
578 2410 3541 2586 Nachm. Prof. Schinnerer zum Thee. Gespräche über A. Ernster feiner Mensch,
596 2585 2341 2722 der mit ungeheurer Bewunderung zu A. steht.
583 2719 3430 2913 9.7. Vollkommen schlaflose Nacht. Vorn. Friedhof weil Mutters Geburts-
591 2903 3418 3017 tag. War besonders ergriffen. Nachm. zu schlafen versucht. Unmöglich.
582 3078 3376 3182 Abends auf Zureden von A. bei ihm zum Nachtmahl, Schwarzkopf.Frieda u.
629 3125 3375 3313 Bruder, Heini, Arnoldo, später Beer-Hofmann.Schlecht zusammengestellt,
603 3258 3453 3419 einer passt nicht zum andern. A. sehr lieb zu mir, Arnoldo besonders be-
572 3413 3472 3622 flissen, Heini artig, kühl, Beer-Hofmann begleitet mich nachhause. Gespräch
600 3546 1671 3729 über Arnoldo, Schinnerer,A.
595 3711 3517 3881 10.7.Hals wieder schlechter. Nachm. Eltern Turnowsky zum Tee. Es ist mir
601 3886 3508 4020 verdächtig, dass sie die Verlobung mit Herry aufrecht erhalten. Mädi soll
610 4031 2658 4208 gesagt haben, dass er sie alle 14 Tage einmal küsst.
592 4201 3429 4420 11.7. Starke Halsschmerzen. Cary, Maal zufischCary bestellt Dr.Fischer,
3513 128 3696 283 249
