3690 4686
2959 266 3345 459 8.12.27.
557 548 3392 675 Elisabeth B. gesprochen hast. Es wäre zu schön, wenn daraus etwas wür-
571 655 3211 802 de. Ich schreibe ihr zu dem Stück natürlich einen Brief und zeige
574 814 3179 950 ihn Dir vorher. Und nun Schluss mit der Berliner Korrespondenz,
581 918 2503 1079 d.h. ich hoffe noch auf ein paar Zeilen von Dir.
1046 1052 3248 1188 Gute Reise, gutes Wiedersehen und eine innige Umarmung.
1573 1203 1818 1308 Deine
1820 1330 2022 1440 C.K.
3464 104 3579 278 88
