3746 4666
2013 292 2890 477 18.1.1925. Bl. 3
815 504 3350 635 Ich habe ein Zimmer im "Privathotel" in St.Moritz, vom 21. an; -
652 638 3424 787 doch bin ich noch nicht sicher, dass ich dort bleibe, vielleicht über-
697 698 984 781 siedel.
703 775 3455 904 ich ins Badrutt, - auch das Privathotel gehört dem Caspar Ba-
696 898 3367 1070 drutt und ich fürchte das Pr.-H. ist zu klein und pensionsmässig.-
653 1005 3461 1196 So verbring ich denn wahrscheinlich noch den ganzen Dienstag hier, und
658 1138 3332 1313 fahre Mittwoch Früh in einer Tour nach St. Moritz. Dorthin, Liebste,
657 1280 3368 1446 schreib mir poste restante. Am Tag nach meiner Ankunft in St. Moritz
679 1420 3476 1596 werd ich Dir wohl schon den Tag meiner Abreise auch mitteilen können.
642 1494 3448 1693 Die Frau ohne Schatten wird von den Adepten sehr hoch gestellt - ich
630 1647 3484 1838 liebe sie, bei aller Verneigung vor ihren hohen Qualitäten, nicht
628 1817 3285 1969 mit dem Herzen.- Der Bassonpierres ist bekanntlich von Goethe (in
628 1945 3260 2101 der Unterhaltung der Ausgewanderten); Hugo hat nur 1 oder Absätze
636 2067 3390 2220 hineingedichtet; - man hat es ihm damals einigermassen übel genommen,
668 2200 3446 2383 dass er der bescheidenen Mitarbeiterschaft Goethes an seiner Novelle
673 2324 1839 2468 nicht einmal erwähnt hatte.-
939 2455 3464 2605 Und Deine Novelle-Wird sie schon fertig sein, wenn ich zurück-
623 2572 3520 2735 komme? Wir wollen beide das unsere dazu tun! - Heut will ich mich wieder
618 2686 3426 2887 sehr schonen, vielleicht sogar Nachmittag auf 1-2 Stunden ins Bett le-
623 2854 3339 2995 gen; und niemanden sprechen. So wird es hoffentlich nicht nötig, dass
615 2975 3345 3153 ich absage, was mir aus verschiedenen Gründen sehr unangenehm wäre -
618 3118 3421 3226 und gar dem Literar. Verein! Die Heiserkeit ist besser; ein Schnupfen
595 3243 2634 3407 erklärt sich. (Ich versteh ihn auch so ganz gut.)
919 3362 3426 3485 Nun, mein Schatz,sag ich Dir Adieu - und darf heute auch schon
592 3501 3325 3668 hinzusetzen "auf Wiedersehen" -; nach Wien seine ich mich überhaupt
590 3625 2929 3779 nicht, nach Dir umso mehr... Sei zärtlich umarmt! Dein A.
1650 3736 1981 3890 - - -
3467 113 3607 237 118
