3771 4715
2456 279 3207 470 17.6.25. Bl. 3.
813 443 3487 598 dadurch ernstlich bedroht ist. Ich komme mir oft vor wie ein Fle-
820 578 3477 717 berkranker, dem man Aspirin zu schlucken gibt, damit die Temperatur
824 697 3407 812 heruntergeht. So lange die Krankheit, d.h. die "Liebe" vorhanden
837 853 3477 972 ist, schnellt die Temperatur immer wieder nach einer kurzen Abküh-
830 994 3483 1100 lung hinauf. Ist die Krankheit aber einmal überstanden, dann blei-
824 1082 3247 1228 ben Untertemperaturen zurück. Willst Du es dahin bringen? -
825 1204 3485 1332 Es hat Dich vielleicht nie jemand so aus tiefstem Herzen gern ge-
809 1362 3409 1504 habt, wie ich Dich, von einem solchen Bedürfnis erfüllt Dich froh
823 1497 3382 1600 und glücklich zu machen und Dir alles zu geben, was ich vermag.
819 1638 3506 1777 Aber ich bin manchmal schrecklich müde, ja, ich habe oft das Gefühl,
821 1725 3434 1892 als hätte sich die Wärme, selbst die Heiterkeit meines Wesens, Dir
831 1877 3413 2019 gegenüber nie ganz entfalten können, denn immer sind Widerstände,
832 2020 3316 2128 Hemmungen zu besiegen, kleine Liebkosigkeiten, zu verschlucken,
820 2155 3554 2274 Verstimmungen Herr zu werden, nie ist eine volständige frohe Hingabe
825 2325 3478 2403 meines Wesens an Dich möglich. Aber Du weisst das alles so gut
820 2426 3315 2517 wie ich und wenn Du mich wirklich lieb hast, dann verstehrt Du
822 2534 3438 2645 mich auch. Ich kann nur hoffen dass es wieder anders und schöner
830 2642 3450 2785 wird. Aber ich will mich nicht durch ein paar gute Tage täuschen,
826 2829 3476 2963 wenn sie nicht auf der Grundlage eines gegenseitigen Einverständ-
827 2927 3498 3055 nisses entstehen. Und das wäre doch durch ein bischen Einsicht und
820 3056 3349 3174 Güte Deinerseits so leicht herzustellen. Bitte sei jetzt nicht
819 3183 3350 3319 eigensinnig, wie ein kleines böses Kind, das Du manchesmal bist,
834 3324 3471 3504 wende Dich einmal nur an Dein Herz, das die richtige Antort geben
830 3438 2378 3595 muss, wenn Du mich wirklich lieb hast.
824 3559 3552 3694 Wenn ich nicht die Ueberfüllung der Züge am Samstag fürchten würde,
810 3718 3319 3860 hätte ich gerne meine Abreise um einen Tag verschoben, so aber
815 3864 3455 3972 bleibt es wohl, wenn ich nichts anderes telegraphiere, bei Freitag.
806 3973 3386 4106 Und in Salzburg finde ich einen Brief von Dir, der noch unbeein-
811 4098 3467 4262 flusst von diesem hier abgegangen ist und das, was ich in und zwi-
821 4233 3475 4355 schen diesen Zeilen lesen werde, wird wohl entscheidend auf meine
3473 102 3630 260 162
