3726 4662
1941 300 3368 455 Sonntag,17.8.1924.Celerina. Cr.P.
2130 404 2775 519 (nach Selisberg)
645 503 3399 685 Liebste, auch heute sind die angekündigten Briefe nicht da. Haft Du
620 632 3352 777 in dem gestrigen Gespräch vielleicht doch die gemeint, die ich schon
626 761 3311 955 habe? Der letzte kam am Donnerstag Nachmittag an? Hier wie immer -
633 881 3361 1061 so lieb mir Deine Briefe sind, Deine Stimme, Dein lebendiges Wort hab
624 1042 3428 1211 ich doch noch lieber, auch wenn es durch Fernen zu mir dringt -und so-
668 1117 3368 1335 gar wenn es ein wenig unfreundlich klingt wie gestern. Mein
625 1271 3325 1468 liebes, liebes Kind - wenn Du es doch endlich sein liessest mir Dinge
601 1434 3373 1599 zu verübeln, die wahrscheinlich nicht zu vermeiden sind und
679 1562 3451 1732 du - vor allem - innerliche Schwierigkeit und Schwere meiner Existenz
597 1658 3466 1884 so völlig zu verstehen wüsstest, wie Du es mit Deiner Klugheit bei
826 1806 3491 1984 Menschen ohneweiters thätest! - Und mich auch mit meinen Fehlern
589 1953 3448 2128 und Unzulänglichkeiten nähmest wie ich bin.- Ich kann über diese Dinge
604 2062 3408 2225 mich schriftlich nicht aussprechen. Aber Du solltest, Du müsstest doch
585 2225 2436 2360 endlich spüren, was Du mir bedeutest, Liebste! -
561 2300 3471 2508 L.'s sind Freitag von Locarno gekommen und schwärmen unentwegt davon
558 2419 3473 2626 vor. Es scheint landschaftlich ungleich schöner als Lugano (wo sie auch
553 2570 3333 2772 waren), Von hier fahren sie ans Meer (und wollen mich mitnehmen. Ich
577 2707 3221 2867 verlange keine Anerkennung, dass ich abgelehnt habe). -Morgen oder
579 2862 3167 3021 Dienstag kommt Fischer mit Gattin und Tochter.- (Nur zu Besuch);
566 2998 3360 3169 Schwester und Schwager nach Pontresina auch zu Begin der Woche. Lili
566 3139 3250 3274 und O. werden voraus sichtlich in Zuoz bleiben. Ich war zuletzt am
561 3247 3308 3429 Freitag dort; am letzten Tag von Heinis Anwesenheit. Leicht war mir
549 3366 3443 3610 nicht ums Herz, aber auch das sind Dinge, über die ich zu schreiben nicht
540 3487 1037 3632 fähig bin.-
540 3599 3361 3840 Beschäftigt bin ich ausschliesslich mit dem Versstück. Es stellt sich
511 3768 3299 3956 h eraus, dass ernstlich nur am 2.Akt zu arbeiten ist. Der 1.und 3. sind
537 3916 3414 4068 viel weiter, als ich gedacht; der 2. viel unfertiger (besonders in der
528 4010 3283 4223 ersten Hälfte) als ich gewusst.-Ich muss einige aus den (schlechten)
531 4153 3297 4377 Versen in Prosa Übertragen, um es aufs neue in (bessere) Verse aufzu-
566 4310 870 4422 bauen.
3503 108 3632 269 95
