3771 4622
631 294 1300 483 Tgb. 10.7.1931.
668 514 3438 713 macht sich Sorgen um mich. Abend Cobenzl mit A. und Prof. Schinnerer.
638 703 3443 858 Schönes Wetter und Prof. Sch. wieder mehr nett zu mir. Mittwochwollen
646 765 3492 974 wir auf den Semmering - - ich fürchte mich! Contrakt mit der Hausfrau
650 936 3526 1114 für ein Jahr verlängert. Ich bin zu elend, um jetzt etwas zu entscheiden,
632 1015 703 1164 a
734 1054 2123 1234 er es wird mich an nichts hindern.
