3771 4707
1623 290 2044 470 Tagebuch.
802 470 1249 639 ommer1926.
752 604 3332 780 nicht warm hält, fallen rasch von einem ab - aber - ich bin kein
723 761 3195 923 "Warmhalter". Wie recht hat er mit dieser Selbsterkenntnis. Er
752 901 3311 1015 sorgt immer dafür, dass man wieder auskühlt. Er macht es mit mir
740 1050 3231 1139 auch so und doch weiss ich heute, dass er mich sehr lieb hat.
743 1138 3445 1320 Der Himmel unentwegt blau und strahlend, der Abschied von hier wird
730 1273 1435 1409 mir sehr schwer.
736 1413 3214 1579 26.8. Interlaken,Hotel Beau Rivage. Welch ein Unterschied mit
730 1579 3351 1710 Zermatt. Dort ein romantisches Alpendorf,hier ein überkultivier-
736 1660 3377 1830 ter Kurort, jedes in seiner Art wundervoll. Reise mit 4maligem Um-
721 1816 3429 1951 steigen, etwas anstrengend für mich, weil ich nicht wohl war. A. ge-
730 1966 3337 2085 rührt, weil ich mir so gar nichts daraus machte. Er ist besonders
722 2053 3001 2208 lieb. Wir haben reizende Zimmer und sind sehr glücklich.
730 2195 3371 2355 27.8. A. ist verstimmt wegen unangenehmer Filmnachrichten. Irgend
729 2328 3375 2488 ein Vertrag, mit dem er gerechnet, ist nicht zustande gekommen, weil
728 2484 3462 2593 seine Ansprüche angeblich zu hoch waren. Ausflug über den Brienzer-
724 2583 3242 2732 see nach Griesbach hinauf. A. sprach kaum. Vor einem Jahr noch
711 2743 3200 2868 hätte ich ihm so ein Schweigen sehr übel genommen, jetzt kenne
723 2851 3043 2993 ich schon diese Depressionen und bin doppelt nett zu ihm.
711 2988 3291 3159 28.8. Es nützt nichts,all mein guter Wille nützt nicht, er wird
714 3118 3257 3258 mich jetzt wieder quälen, bis mir doch die Geduld reisst. Schon
717 3244 3266 3372 kann ich mich nicht mehr beherrschen. Abgesehen, davon, dass ich
708 3387 3369 3525 richtig allein nach Oesterreich zurückfahren muss, glaube ich, dass
707 3527 2439 3632 er am liebsten schon allein sein möchte.-
709 3646 3221 3819 Gerade als ich diese Zeile geschrieben hatte, kam er herein und
705 3762 3228 3948 frug mich, warum ich traurig bin, ob das schon Abschiedsstimmung
698 3907 3224 4054 ist. Ich sagte ihm ehrlich, dass seine Aeusserungen mich glauben
689 4016 3427 4182 machen, dass er genug von mir habe für einige Zeit, worauf er antwor-
683 4162 3260 4327 tete, es sei ganz falsch, er habe es noch nie so lange, wie mit mir
690 4311 3223 4456 neben einem weiblichen Wesen ausgehalten und ich sei die ganze
3491 102 3650 268 352
