3689 4694
2639 361 3010 538 9.9.27.
532 538 3325 658 tung rascher zu Entschlüssen getrieben, die vielleicht doch die einzig
431 671 1161 811 richtigen wären.
1025 753 3197 947 Du schreibst am Schluss Deines Briefes von "Meinungs-
451 898 3353 1050 verschiedenheiten", die sich ausgleichen lassen müssten. Aber es handelt
448 1029 3274 1171 mich leider nicht um Meinungsverschiedenheiten, sondern um tief einge-
475 1191 3276 1310 wurzelte Gefühle und Empfindungen, gegen die wir Beide nicht ankämpfen
461 1321 3301 1482 können. Und am Ende sagst Du, dass Du mit den innigsten Gefühlen meiner
455 1470 3310 1591 gedenkst und niemanden bessere gehören. Ja, weisst Du denn, dass mir das
471 1572 3232 1702 zu wenig ist? Renne mich nicht unbescheiden, ich verlange nicht mehr,
510 1736 3162 1833 als ich zu geben bereit war. Aber es gibt eben Augenblicke, wo man
490 1860 3283 1966 ein Plus an Wärme und Herzlichkeit braucht, um sich überzeugen zu las-
480 1944 3317 2088 sen. Hättest du geschrieben, ich habe dich unendlich lieb und ich brau-
585 2053 715 2153 dich
478 2100 3308 2240 che, als "Geliebte" und "Freundin", dann hätte es vielleicht mehr Eindruck
484 2204 3321 2366 gemacht, aber Deine vorsichtigen Worte, die doch nur wieder ein sich Bo-
505 2359 3153 2492 wahren und eine Sicherung nach anderen Richtungen bedeuten, können
479 2476 3149 2627 mir nicht so nahe gehen als Du wünschst und an meiner Einstellung,
467 2619 3249 2751 Angst vor der Zukunft wenig ändern. Ich sehe trotz allem guten Willen
476 2772 3403 2884 Szenen und Aufregungen voraus und wenn ich sie - so wenig ich mich ihnen
479 2875 3356 3017 gesundheitlich gewachsen fühle, doch auf mich nehmen wollte - so ist mir
474 3022 3336 3167 der Gedanke quälend, da, wo ich beglücken möchte, Unruhe und Aergernis zu
474 3143 872 3307 schaffen.
1028 3267 3297 3390 Wenn Du mich auch oft kindisch nennst, so fühle ich mich
477 3382 3205 3507 um nichts jünger als Dich, und ich finde, dass man in unseren Jahren
480 3533 3317 3638 nicht auf Freiheit bedacht sein soll, sondern froh, Eines das Andere ge-
481 3667 3325 3803 funden zu haben.- Ich kann aber nicht so zu Dir stehen, wie ich möchte,
474 3768 3358 3913 wenn mir aus den Situationen, die Du, wenn auch nicht geschaffen, so doch
468 3909 3280 4035 heute irgendwie unterstützt. Kränkungen entstehen. Ich kann mein Wesen
488 4049 3364 4211 so weit nicht vergewaltigen, dass Du sie mir nicht anmerken würdest. An-
477 4195 3363 4322 dererseits würde ich es auch ganau merken, wenn Du mir irgend etwas vor-
484 4330 3314 4448 enthalten, verschweigen wolltest, um Szenen zu vermeiden. Misstrauen und
3509 98 3560 213 55
