3690 4687
3044 174 3136 397 4
2873 384 3242 540 24.4.26.
518 608 3370 754 und ich glaube, es wird jetzt gehen, obwohl ich noch nicht weiss, für was
508 713 3481 828 ich mich zunächst (ausser der "Treppe") entschliessen werde. Ich habe ver-
510 833 1215 997 schiedene Pläne.
2814 962 3201 1129 25.4.26.
1094 1069 3308 1244 Noch kein Telegramm von Dir. Wenn es im Lauf des Tages
505 1220 3317 1378 kommt, kann ich den Brief doch erst morgen aufgeben, denn heute Sonntag
504 1363 2960 1520 ist die Post geschlossen. Es regnet und der Himmel ist grau.
2821 1479 3270 1632 26.4.1926.
2852 1648 3327 1781 9 Uhr Früh.
1095 1790 3298 1914 Ganz unerwartet kam gestern gegen Mittag die Sonne he-
490 1878 3316 2066 raus und noch unerwarteter und ungeladen kam Byk schon zu Tisch, wäh-
492 2024 3311 2119 rend alle Andern erst zum Tee erschienen. Nachmittagwaren wir 12 Per¬
499 2142 3300 2318 sonen, obwohl alle Kinder in die Stadt funren. Wir sassen alle in der
492 2296 3337 2440 Sonne unter einem klaren blauen Himmel und es war recht gemütlich. Ich
488 2421 3257 2600 sah besonders gut aus, (sowas weiss man immer selbst und merkt es der
502 2543 3333 2695 Umgebung an.) Um 6 Uhr war ein sehr üppiger Tee. Leider bekam ich spä-
494 2674 3398 2842 ter wieder denselben Anfall, wie vor zwei Monaten bei meiner Cousine. Ich
507 2814 3367 2959 sprach gerade mit meinem Bruder Otto, als die Schmerzen begannen, schlän-
489 2948 3320 3082 gelte mich unbemerkt zur Türe hinaus und erreichte mühsam mein Zimmer,
465 3075 3232 3217 wo ich mich eine Viertelstunde in Schmerzen ward und meine Schwester
477 3210 3245 3320 mich endlich stöhnend fand. Ebenso plötzlich hörte es wieder auf und
462 3327 3373 3486 ich war nachpeiner halben Stunde wieder bei den Gästen. Es ist sehr un-
518 3464 3259 3585 angenehm, aber es beunruhigt mich gar nicht, denn es bleibt keinerlei
485 3582 3245 3722 Empfindlichkeit zurück. Alle dignostizierten "Galle". Man blieb noch
474 3725 3220 3877 bis gegen 9 Uhr zusammen. Byk wollte mich durchaus überreden morgen
469 3857 3281 3982 Dienstag mit ihm den Ausflug in die Wachau zu machen, da die Blütezeit
473 3982 3277 4117 nur noch nach Tagen zählt. Ich habe aber abgelehnt. Es ist 9 Uhr Früh
476 4115 3390 4242 und ich sitze bereits im Garten in der Sonne. Anna musste in einer wich-
464 4253 3230 4405 tigen Angelegenheit für 3 Stunden in die Stadt. Die Kinder sind auch
469 4381 607 4511 do
3477 116 3625 282 286
