3783 4722
2526 216 3200 387 15.3.29. Bl.4.
699 429 2702 566 eine Nachricht von Dir ehe ich das Haus verlasse.
693 564 3398 689 Befinden ganz gut - einigermassen nervös, wie Du Dir denken kannst.
723 728 3370 848 Noch eine kleine Geschichte zur Charakteristik der Situation, -man
726 819 1845 989 könnte fast sagen der Zeit.
680 948 3375 1084 Herr Kortner räth Elisabeth sehr von ihrem Elise-Plan ab; -er kennt
687 1098 3338 1215 die Novelle zwar nicht - aber er stellt sich darunter so eine Ge-
728 1242 3426 1372 schichte mit - "Hängezöpfen" vor -- - - Soweit geht heute die von
692 1352 2502 1470 Jhering kritisch geführte Parteitrottelei! -
673 1486 2603 1596 Lebwohl noch einmal, ich umarme Dich taus endmal.
1319 1587 1531 1737 Dein
1611 1751 1714 1872 A.
1623 1879 1867 1969 - - — —
3536 106 3693 249 206
