3799 4707
403 303 3404 516 tausendmal nötiger hätte, als Deine in Wolleben eingebettete Tochter, die
410 490 3475 633 von Juni bis Ende Oktober auf Reisen war und eben von einer Reise mit Dir
403 569 1089 741 heimgekehrt ist.
400 702 3513 864 Ich hätte es noch begriffen wenn auch übertrieben gefunden-wenn Du diese
403 863 3516 1026 Reise zwischen mir und Deine Tochter geteilt hättest, damit sie sich nur ja
408 1001 3574 1169 nicht zurückgesetzt fühlt (natürlich hätte das keine See-Reise sein können.)
396 1142 1939 1279 Aber auch dazu hatt es nicht gelangt.
397 1235 3538 1424 Betrachten wir aber den Fall gefühlsmässig, dann ist er leider so sonnenklaar
420 1384 1807 1531 dass er keine Misdeutung zulässt.
409 1518 3558 1676 Ist es nicht das Natürliche das Selbstverständliche, dass man auf eine Reise
411 1655 3656 1768 " Dem Frühling entgegen "lieber mit dem Wesen geht, das einem Freund und Gelief-
399 1808 3552 1965 te ist, als mit jedem andern- müsste es nicht Dein Wunsch deine Sehnsucht g
406 1891 1857 2057 sein dise Reise mit mir zu machen?
394 2023 3532 2180 Und dass dem nicht so ist das ist zu einer Erkenntnis für mich geworden, vor
392 2137 1803 2319 der kein Argument mehr stand hält.
400 2288 3449 2460 Ja, wenn Deine Tochter von dir getrennt -in einem Pensionat oder bei ihrer
394 2439 3559 2563 Mutter lebte, dann wäre es etwas ganz anderes, und ich bin nicht dumm genug,
389 2537 3466 2719 und nicht so egoistisch, als dass ich unter solchen Umständen, diese Reise
394 2708 3491 2845 mit ihr nicht mehr als begreiflich fände. Aber sie ist unter Deinem Dach, Du
384 2846 3467 2984 kannst täglich stündlich um sie sein, - wir sehen uns stundenweis in Kino im
388 2954 3556 3136 Restaurant, hie und da ein Spaziergang, - dein Haus hast du mir heuer bewust
392 3099 3458 3261 verleidet und jedes wirkliche Zusammensein ist durch äussere Umstände, ohne
398 3224 3450 3351 wirkliches Behagen und dadurch oft enervant. Müsste es Dir nicht wenn Deine
400 3336 3570 3509 Empfindungen für mich wirklich den Namen "Liebe verdienten, ein Bedürfnis
389 3464 3536 3659 sein, eine Zeit ungestört mit mir in einer schönen Gegend zu verbringen-
378 3613 3491 3741 nicht um mir - sondern um Dir ein paar schöne Tage zu verschaffen, was ja
392 3726 2368 3892 wol dann ein und dasselbe be bedeutet hätte.
365 3877 3479 4050 Alles was ich hier sage und noch sagen könnte, mündet in meiner Erkenntnis,
370 3962 1230 4118 wie Du zu mir stehst
3462 91 3614 229 254
