3782 4710
726 220 1365 409 Tgb. 18.4.1930.
724 416 1884 594 Was muss sich Werfel denken?
722 533 3324 692 Ustern. Von A. riesigen wundervollen Fliederbaum. Sehr lieb, sehr
739 679 3362 826 schön, aber wieviel lieber wäre mir ein wirklich gutes Wort.
739 825 1883 997 Spaziergang,Kino,Restaurant.
732 995 3334 1149 21.4.Ostermontag.Seit gestern herrliches Wetter. Mittag Harry in
735 1146 3491 1287 einem giftgrünen neuen scheusslichen Anzug. Erwarte A. zum Nachtmahl.
723 1287 3046 1437 Gestern Osterbeilage Beginn meiner Novelle "Ueber Nacht".
730 1468 3511 1598 22.4. Gestern unerquicklicher Abend trotzdem A. viel besser aussieht.
738 1626 3481 1777 irgend etwas geht in ihm vor. Vielleicht um Zusammenhang mit dem be-
731 1758 3405 1858 vorstehenden Familienbesuch. Sein Wesen atmet Unaufrichtigkeit und
726 1898 3397 2018 Gereiztheit aus. Wir sassen stumm einander gegenüber. Er erklärte,
728 2019 3286 2132 man muss nicht immer Konversation machen. Traurig genug, wenn es
742 2139 3406 2283 nichts anderes ist. Schliesslich ging ich zu ihm, legte meinen Arm
741 2286 3398 2412 um seinen Hals. Darauf meinte er lächelnd: "Ja - du kannst wirklich
724 2408 2111 2557 auch einmal zuerst zu mir kommen.“
728 2583 3433 2727 24.4. Gestern Abend "Lamm des Armen" von Zweig. Interessantes Stück,
728 2761 3368 2873 wenn auch Dialog ohne dichterisches niveau. Habe sehr gut ausge-
728 2855 3398 2985 sehen. Auch A. stellte es fest. Im übrigen kühl und verschlossen.
714 2989 3145 3149 Er war gestern bei Dr. D. Sein Blutdruck normal. Gottseidank.
734 3179 3326 3309 25.4. Friedas Reden entnehme ich, dass er ein Zusammentreffen mit
718 3322 3379 3462 Arnoldo,O. und Heini an einem andern Ort plant. Er soll nur. Wenn
736 3446 2192 3593 er das tut wird sich manches ändern.
721 3635 3440 3771 26.4. Gestern Abend bei Frau Czapo, resp. Sil Vara. Müller-Fülöp und
718 3776 3420 3948 Frau, Lothar und Frau. Ich sah gut aus, redete wie ein Wasserfall und
730 3942 3456 4072 kokettierte mit M., hauptsächlich, um meine Fähigkeit in der Richtung
724 4050 3278 4194 festzustellen. Heftige Debatten mit Lothar über Tonfilm etc. Er
719 4196 3400 4320 spricht sehr begeistert über A., offenbar um sich wegen seiner bös-
