<?xml version="1.0" encoding="UTF-8" standalone="yes"?>
<PcGts xmlns="http://schema.primaresearch.org/PAGE/gts/pagecontent/2013-07-15" xmlns:xsi="http://www.w3.org/2001/XMLSchema-instance" xsi:schemaLocation="http://schema.primaresearch.org/PAGE/gts/pagecontent/2013-07-15 http://schema.primaresearch.org/PAGE/gts/pagecontent/2013-07-15/pagecontent.xsd">
    <Metadata>
        <Creator>prov=READ-COOP:name=TrHtr:version=0.0.6:model_id=44522:date=18_11_2022_04:28</Creator>
        <Created>2022-11-17T16:34:19.266+01:00</Created>
        <LastChange>2022-11-18T04:28:25.119Z</LastChange>
        <TranskribusMetadata docId="1233893" pageId="50260205" pageNr="111" tsid="104226021" status="IN_PROGRESS" userId="40391" imgUrl="https://files.transkribus.eu/Get?id=YKFZSSAIZWNTWCVXPVFOSPQO&amp;fileType=view" xmlUrl="https://files.transkribus.eu/Get?id=LZINBJDDRLHUUPQBFDRIODGE" imageId="41048897"/>
    </Metadata>
    <Page imageFilename="HIN-155550_0111.tif" imageWidth="3742" imageHeight="4671">
        <ReadingOrder>
            <OrderedGroup id="ro_1670241783747" caption="Regions reading order">
                <RegionRefIndexed index="0" regionRef="r1"/>
            </OrderedGroup>
        </ReadingOrder>
        <TextRegion id="r1" custom="readingOrder {index:0;}">
            <Coords points="671,130 671,2150 3599,2150 3599,130"/>
            <TextLine id="r1l1" custom="readingOrder {index:0;}">
                <Coords points="2326,455 2438,418 2534,459 2597,427 2636,451 2759,421 2868,434 2893,412 2967,429 2966,330 2899,345 2789,325 2754,347 2549,308 2324,349"/>
                <Baseline points="2343,413 2373,413 2403,413 2433,413 2464,413 2494,413 2524,411 2555,411 2585,410 2615,410 2646,409 2676,408 2706,408 2736,407 2767,407 2797,407 2827,407 2858,407 2888,407 2918,407 2949,407"/>
                <TextEquiv>
                    <Unicode>Bl. 3,27.6.1924.</Unicode>
                </TextEquiv>
            </TextLine>
            <TextLine id="r1l2" custom="readingOrder {index:1;}">
                <Coords points="684,522 702,522 723,504 758,514 864,493 864,352 811,359 783,388 772,391 761,381 733,405 723,402 709,412 684,405"/>
                <Baseline points="702,488 730,489 759,489 788,489 817,489 846,488"/>
                <TextEquiv>
                    <Unicode>mit</Unicode>
                </TextEquiv>
            </TextLine>
            <TextLine id="r1l3" custom="readingOrder {index:2;}">
                <Coords points="695,566 3251,581 3201,437 695,499"/>
                <Baseline points="714,555 840,555 966,555 1092,554 1218,554 1344,553 1470,552 1596,551 1722,551 1848,549 1974,548 2100,546 2226,545 2352,545 2478,543 2604,542 2730,542 2856,540 2982,539 3108,539 3234,539"/>
                <TextEquiv>
                    <Unicode>Deiner schönen Mappe auf meinen Knieen und die sind keine sehr</Unicode>
                </TextEquiv>
            </TextLine>
            <TextLine id="r1l4" custom="readingOrder {index:3;}">
                <Coords points="695,711 3304,709 3303,621 3169,594 695,598"/>
                <Baseline points="714,684 842,686 971,686 1099,686 1228,686 1356,684 1485,684 1613,684 1742,683 1870,682 1999,681 2128,680 2256,678 2385,678 2513,677 2642,675 2770,675 2899,674 3027,674 3156,672 3285,672"/>
                <TextEquiv>
                    <Unicode>feste Unterlage. Dazu miserables Papier und eine noch schlechtere</Unicode>
                </TextEquiv>
            </TextLine>
            <TextLine id="r1l5" custom="readingOrder {index:4;}">
                <Coords points="699,838 1408,873 1598,812 1849,874 1975,838 1975,767 1834,733 1570,759 1524,717 1231,772 1030,710 872,777 699,750"/>
                <Baseline points="717,816 779,816 841,818 903,818 965,818 1027,818 1089,816 1151,816 1213,816 1275,815 1337,815 1399,815 1461,813 1523,813 1585,812 1647,812 1709,812 1771,812 1833,812 1895,812 1958,812"/>
                <TextEquiv>
                    <Unicode>Feder. Nächstens wird's schöner.</Unicode>
                </TextEquiv>
            </TextLine>
            <TextLine id="r1l6" custom="readingOrder {index:5;}">
                <Coords points="665,1019 3178,988 3350,870 664,857"/>
                <Baseline points="681,947 813,947 946,947 1078,947 1211,947 1343,945 1476,945 1608,945 1741,944 1873,944 2006,942 2139,942 2271,941 2404,939 2536,939 2669,938 2801,938 2934,936 3066,936 3199,935 3332,935"/>
                <TextEquiv>
                    <Unicode>28. ½ 6 Uhr. Eben kommt Dein Telegramm und ich füge nur rasch drei</Unicode>
                </TextEquiv>
            </TextLine>
            <TextLine id="r1l7" custom="readingOrder {index:6;}">
                <Coords points="654,1132 3379,1080 3276,964 654,1012"/>
                <Baseline points="672,1076 806,1076 940,1076 1075,1077 1209,1077 1344,1077 1478,1076 1612,1076 1747,1076 1881,1074 2016,1073 2150,1073 2284,1071 2419,1071 2553,1070 2688,1068 2822,1068 2956,1067 3091,1067 3225,1065 3360,1065"/>
                <TextEquiv>
                    <Unicode>Worte hinzu, da der Brief sonst nicht mehr fort geht. Ich lasse ihn</Unicode>
                </TextEquiv>
            </TextLine>
            <TextLine id="r1l8" custom="readingOrder {index:7;}">
                <Coords points="663,1219 3261,1240 3398,1122 662,1142"/>
                <Baseline points="681,1208 816,1208 951,1208 1086,1208 1221,1208 1356,1206 1491,1206 1626,1206 1761,1205 1896,1205 2031,1203 2166,1203 2301,1202 2436,1200 2571,1200 2706,1199 2841,1197 2976,1197 3111,1196 3246,1194 3381,1193"/>
                <TextEquiv>
                    <Unicode>express aufgeben, damit Du ihn Montag hast. Heute war einschwüler, un-</Unicode>
                </TextEquiv>
            </TextLine>
            <TextLine id="r1l9" custom="readingOrder {index:8;}">
                <Coords points="2304,1293 2550,1268 2548,1215 2505,1213 2484,1200 2418,1221 2400,1214 2382,1222 2375,1215 2347,1224 2325,1207 2301,1208"/>
                <Baseline points="2321,1274 2347,1274 2374,1273 2400,1271 2427,1269 2454,1268 2480,1266 2507,1266 2534,1269"/>
                <TextEquiv>
                    <Unicode>Monsieur</Unicode>
                </TextEquiv>
            </TextLine>
            <TextLine id="r1l10" custom="readingOrder {index:9;}">
                <Coords points="668,1355 2490,1390 3294,1355 3336,1264 667,1274"/>
                <Baseline points="686,1337 817,1337 949,1337 1080,1337 1212,1337 1343,1337 1475,1335 1606,1335 1738,1335 1869,1335 2001,1334 2133,1334 2264,1334 2396,1332 2527,1332 2659,1331 2790,1331 2922,1330 3053,1329 3185,1328 3317,1328"/>
                <TextEquiv>
                    <Unicode>angenehmer Tag mit Gewitter, das wenig Abwechslung brachte. Ich war</Unicode>
                </TextEquiv>
            </TextLine>
            <TextLine id="r1l11" custom="readingOrder {index:10;}">
                <Coords points="665,1527 3157,1482 2885,1378 665,1397"/>
                <Baseline points="681,1467 803,1467 926,1467 1049,1469 1172,1467 1295,1467 1418,1467 1540,1467 1663,1466 1786,1466 1909,1466 2032,1464 2155,1464 2278,1463 2400,1463 2523,1461 2646,1461 2769,1460 2892,1460 3015,1460 3138,1460"/>
                <TextEquiv>
                    <Unicode>gar nnicht fort, nur Nachmittag einen Moment bei Arthur Klein.</Unicode>
                </TextEquiv>
            </TextLine>
            <TextLine id="r1l12" custom="readingOrder {index:11;}">
                <Coords points="691,1650 3370,1638 3546,1616 3546,1504 691,1520"/>
                <Baseline points="708,1596 856,1598 1004,1598 1153,1598 1301,1596 1449,1596 1598,1596 1746,1596 1894,1595 2043,1595 2191,1593 2340,1593 2488,1592 2636,1592 2785,1590 2933,1589 3081,1589 3230,1587 3378,1587 3527,1586"/>
                <TextEquiv>
                    <Unicode>Ein stiller Arbeitsabend liegtvor mir, da beide Buben ausgegangen sind.</Unicode>
                </TextEquiv>
            </TextLine>
            <TextLine id="r1l13" custom="readingOrder {index:12;}">
                <Coords points="664,1764 2807,1776 3294,1750 3392,1661 664,1672"/>
                <Baseline points="683,1724 817,1724 952,1724 1086,1725 1221,1725 1355,1725 1490,1724 1624,1724 1759,1724 1893,1724 2028,1722 2163,1722 2297,1722 2432,1721 2566,1721 2701,1719 2835,1719 2970,1719 3104,1719 3239,1718 3374,1718"/>
                <TextEquiv>
                    <Unicode>Ich werde ihn dem letzten Gedicht widmen und dann viel und innig an</Unicode>
                </TextEquiv>
            </TextLine>
            <TextLine id="r1l14" custom="readingOrder {index:13;}">
                <Coords points="654,1877 2451,1862 2603,1946 3333,1870 3276,1771 654,1785"/>
                <Baseline points="671,1854 803,1856 935,1856 1067,1857 1199,1857 1331,1857 1463,1857 1596,1857 1728,1857 1860,1856 1992,1856 2124,1856 2256,1854 2388,1854 2521,1853 2653,1853 2785,1851 2917,1851 3049,1851 3181,1850 3314,1850"/>
                <TextEquiv>
                    <Unicode>Dich denken. Noch einen ganz langen und schrowarmen Kuss. In</Unicode>
                </TextEquiv>
            </TextLine>
            <TextLine id="r1l15" custom="readingOrder {index:14;}">
                <Coords points="657,2002 689,2010 714,1996 755,2016 791,2006 801,2014 826,2007 840,2018 879,2002 907,2014 910,1933 860,1935 839,1948 815,1929 790,1939 776,1925 737,1930 723,1919 660,1931"/>
                <Baseline points="675,1985 702,1985 729,1986 756,1988 783,1989 810,1989 837,1991 864,1991 891,1991"/>
                <TextEquiv>
                    <Unicode>Eile.</Unicode>
                </TextEquiv>
            </TextLine>
            <TextLine id="r1l16" custom="readingOrder {index:15;}">
                <Coords points="1941,2139 1980,2141 2002,2125 2012,2136 2037,2130 2084,2175 2099,2165 2112,2176 2141,2178 2148,2026 2131,2025 2084,2048 2063,2043 2027,2052 2012,2065 1988,2050 1946,2055"/>
                <Baseline points="1962,2114 1989,2115 2017,2115 2044,2116 2072,2118 2099,2120 2127,2123"/>
                <TextEquiv>
                    <Unicode>C.K.</Unicode>
                </TextEquiv>
            </TextLine>
            <TextLine id="r1l17" custom="readingOrder {index:16;}">
                <Coords points="3487,272 3504,274 3540,306 3555,296 3585,313 3610,312 3630,98 3609,96 3594,109 3573,100 3537,114 3501,114"/>
                <Baseline points="3507,230 3537,233 3568,234 3599,240"/>
                <TextEquiv>
                    <Unicode>62</Unicode>
                </TextEquiv>
            </TextLine>
            <TextEquiv>
                <Unicode>















</Unicode>
            </TextEquiv>
        </TextRegion>
    </Page>
</PcGts>
