3771 4622
560 309 1233 454 Tgb. 14.9.1930.
544 466 3464 613 A. Betonte Kühle. Dabei sieht er sehr gut aus und ist viel weniger ner-
542 602 3296 738 vös. Sowohl Frieda wie Dr. D. sagten mir (D. telefonisch), wie A. sich
529 723 3429 868 in den 14 Tagen erholt hat und D. findet ihn in so guter Verfassung, wie
527 870 3377 996 schon lange nicht. Nur nicht verschreien! Aber warum ist er wieder so
537 948 1464 1112 merkwürdig gegen mich?
537 1121 3127 1264 16.9. Vorarbeiten für Helena. Nachmittag mit Magda in der Stadt.
514 1241 3272 1383 17.9. Zu Tisch mich bei A. angesagt, wo auch Frieda war. Mein neues
514 1359 3471 1484 Herbstkleid angehabt. Ich sah angeblich gut aus. Abend mit A. bei Ariadee
520 1484 3443 1700 Wundervolle Oper. Text (Hugo) sehr reizvoll. Kern und Angerer bezaubernd.
517 1587 3338 1794 Louis Friedmann zufällig neben A. Nachcher Imperial. A. fand mich be-
520 1748 1438 1885 sonders gut aussehend.
515 1895 3362 2030 18.9. Jetzt geh ich zu Wildgans. Gott steh mir bei. Es ist eine Schick-
522 2031 3320 2197 salsstunde für mich. Nie lag mir an einer Arbeit so viel. Unterredung
519 2141 3310 2295 kurz und befangen von beiden Seiten. Verspricht in 14 Tagen zu lesen.
523 2281 3259 2436 Abend Anna bei mir sehr begeistert von ihrer Reise. Abend mit A. im
498 2365 3286 2547 Kino. Manchesmal glaube ich es ist gut, so still und friedlich wie es
546 2536 3271 2698 jetzt ist und dann fühle ich wieder dass ich diese Stumpfheit nicht
507 2642 1912 2803 ertrage. Was denkt er, was will er?
536 2782 3207 2961 Cary-Magdi, Harry zu Tisch. Sina will jetzt nicht in die Scheidung
503 2895 3478 3111 ohne Alimente willigen, nachdem sie vor Wochen eine diesbezügliche schrift-
494 3046 1780 3173 liche Erklärung abgegeben hat.
496 3181 3373 3363 Gegen Abend kleiner einsamer Spaziergang. Ging auch an A.'s Hausvorbei.
478 3310 3420 3477 Das Fenster seines Schlafzimmers beleuchtet. Plötzlich war ein törichter
528 3452 3143 3600 Verdacht in mir. Oder vielleicht ister gar nicht töricht
485 3574 3288 3709 22.9. Einsamer Sonntag. Erst Abend zu A. Anni und Ferry D. zum Nacht-
478 3692 3412 3874 mahl. Viel gelacht, da Ferry wirklich komisch und erheiternd wirkt, findet
478 3829 1846 3982 A. in ausgezeichneter Verfassung.
463 3962 3171 4126 Gegenommen Heute gegen 7 Uhr mit A. vorübergehendes Gespräch mit
471 4065 3359 4276 5. Über sein Wesen. Ich lenkte bald ein, da es ihn zu irritieren schien.
