3787 4803
572 288 1212 459 Tgb. 26.6.1929.
564 412 3387 590 28.6. Eben mühsam aufgestanden. Bisher fieberfrei, aber Befinden flau.
574 595 3433 711 Besonders lieber Brief von Mädi. Ausser Cary (hie und da) hat mir noch
575 691 2102 835 nie ein Kind so herzlich geschrieben.
1812 801 1923 915 tho
596 835 3456 979 Ach wenn wir hier nur noch 2-3 Tage hätten. Ich fühle mich A. gegenüber
594 948 3289 1095 so schuldig durch dieses ewige Kranksein. Er sieht gottlob sehr gut
594 1084 3383 1227 aus, aber heute klagte er wieder über diese Unsicherheit in der linken
593 1240 2970 1396 Seite (Unruhe weil Heini schreibt, dass er auch Angina hat).
579 1400 3486 1576 29.6. Heute erster Autoausflug nach Mürzsteg bei Sonnenschein. Zärtlich-
587 1586 3373 1696 ste beste Stimmung. Gemütliches gutes Mittagessen im Adler. Bei Heim-
566 1676 3418 1799 fahrt leichtes Unbehagen, zuhause wieder 37.4. Es ist zu dumm. Von Heini
583 1799 1632 1981 gottlob gute Nachrichten.
595 1990 3414 2136 30.6. Ein wenig in der Sonne gesessen, Mittag unten zu Tisch.Flaues Be-
597 2132 3383 2263 finden. Nachm. wieder Bett. So geht dieser Aufenthalt zu Ende. Ich bin
585 2266 2893 2419 glücklich A. erholt zu sehn. Ich sehe sehr reduziert aus.
585 2418 3477 2590 1.7. Wieder in Wien. Nachm. gegen 6 angekommen, gleich zu Bett, Temp. 30.3.
589 2597 3386 2730 Kinder bei mir. Cary verordnet Dunstumschläge, Eibischthee, Beobachtung
597 2743 1139 2889 durch 2 Tage.
603 2788 3393 3015 Sehr bewundernden und anerkennenden Brief eines Hofrat Ptoquet vorge-
599 3011 3425 3128 funden. Kleiner, lächerlicher Ausfall gegen A., um mich auf seine Kosten
2391 3077 2585 3165 werde.
584 3129 3472 3253 zu loben. Ahnt nichts von unserer Beziehung. Ende ihm entsprechend ant-
590 3256 2376 3396 worten. Mein Befinden und Stimmung gedrückt.
576 3444 3497 3583 3.7. Gestern ganzen Tag zu Bett. Halsschmerzen. Temp.37.2. A. zweimal bei
1477 3541 1684 3625 tels.
586 3570 3379 3688 mir. Mich mit seinem Handspiegel untersucht. Stimmung flau. O. hat in
581 3694 3538 3867 der Früh angerufen, siebist in ärztlicher Beobachtung. Myom, von dem A. seit
586 3823 3350 3948 10 Jahren wiss. Möglicherweise Operation. Wozu erzählt sie ihm das?
589 3993 3532 4149 Wahrscheinlich will sie wieder eine Zusammenkunft. Fühle ihn präokkupirt.
577 4095 1899 4281 Ueber Herry Aergerliches gehört.
582 4251 3508 4444 4.7. Noch immer Temperatur. Viel in der Sonne gelegen. Mittag Otto, Cary,
3528 74 3687 293 258
