3743 4714
1798 293 3084 436 Venedig, 28. Juli Früh 6 Uhr 1928
637 454 3456 588 Liebste, Du bist mir nichtböse, wenn ich Dir vorerst nur ein paar Worte
645 550 3465 696 schreibe. - Schon während der Luftfahrt wussten wir, dass nichts zu hof-
661 689 3487 823 fen war; -das Telegramm der Annie M., drei Stunden später aufgegeben als
607 808 3379 951 das von Arnoldo sprach deultlich genug. Ankunft am Flugfeld; -Arnoldo
658 927 957 1006 allein,
627 976 3471 1080 völligwortloser Empfang, Erschütterung, Verzweiflung.- Ich kann Details
658 1073 3521 1224 vorläufig nicht erzählen. In Kürze, nach einem völlig unbeträchtlichen
651 1191 3383 1333 Wortwechsel, der nebstbei erledigt war, - sie wollten eben beide, 9 Uhr
597 1358 3521 1500 abends spazieren gehen; sie war völlig angezogen zum Ausgehen-zieht sie
598 1507 3435 1621 sich auf ein paar Augenblicke ins Badezimmer zurück - ein Schuss; - sie
663 1604 3493 1727 hat mit Arnoldos Pistole sich ins Herz geschossen. Doch nicht gut ge.-
624 1769 3425 1861 nug; - anfangs schien es eine leichte Verwundung; sie war überzeugt zu
656 1868 3483 2002 genesen; -Spital, Früh 6 (am 26.) Operation; Nachmittag Verschlimmerung,
652 2009 3388 2132 hohes Fieber, andere Symptome; - um 1/4 11 abends Tod.- (Während ich in
622 2140 2698 2263 meinem Zimmer ihr Bild in Händen hielt und küsste).
658 2254 3358 2402 Nun nichts weiter, es ist mir völlig unmöglich. Ich nehme an, heute
622 2395 3473 2524 kommt Heini. Morgen - der Abschluss... Weiteres noch unklar.Vielleicht
618 2541 3400 2684 alle nach Wien, und Arnoldo wohnt vielleicht 8-10 Tage bei mir. Viel-
2808 2613 2858 2685 We
653 2632 3350 2818 leicht für kurze Zeit irgendwohin in die Nähe, xxx Land, keine
613 2766 3439 2904 Leute sind (Etwa Tarvis-Nähe). Keinesfalls über den Montag hier blei-
631 2920 833 3040 ben.
1532 2931 2990 3099 kleine Verschärfung,unerträgliches
654 3003 3415 3150 Venedig überfüllt; (4 Worte unleserlich) Zimmer hier; die Hitze
635 3190 949 3306 u. s. w. -
665 3313 3484 3454 Jeder Satz, den ich beginnen will, zerbricht in seiner Unzulänglichkeit
637 3437 3550 3577 und das Wort Schmerz ist lächerlich geworden, denn nun weiss ich, dass ich
625 3537 3509 3685 das erste Mal erlebe, was Gott damit gemeint hat. Dank, Liebste, für Deine
619 3683 3477 3818 Depesche - in diesen Tagen kann kein Mensch, auch der theuerste und gü-
635 3817 3512 3948 tigste nicht helfen Auf Wiedersehen. Ich werde jedesfalls morgen wieder
639 3987 3461 4088 schreiben, wenn auch nur ein paar Zeilen. Bleibe bitte vorläufig bei der
682 4078 3548 4212 Version -: Unvorsichtigkeit (wenn es auch niemand glauben wird -Diesmal
675 4191 3545 4338 ist das Pathologische ihres Wesens leider in einer nicht wieder gut zu-
621 4347 3364 4472 machenden Weise herausgekommen -- in der nächsten Minute schon wärz
3536 87 3698 278 132
