3782 4710
593 295 1215 499 Tgb. 4.5.1930.
609 520 3421 672 Ich habe nicht ein unfreundliches Wort erwiedert, aber ich werde A. in
537 672 3443 767 diesen Tagen möglichst ausweichen. Ich will keine Szene vor seiner Ab-
623 787 2135 922 reise. Alles übrige wird sich finden.
609 909 3391 1063 Seine Kränklichkeit, seine Nerven, eine Aufregung und Unruhe sind zum
580 1056 3056 1205 grossen Teil das schlechte Gewissen, das er mir gegenüber hat.
619 1194 3420 1293 Mit Cari und Magdi bei Strasser zu Mittag gegessen. Eine Einladung zu
607 1286 3532 1454 A. für Nachmittag zum Tee, lehnte ich höflich ab, indem ich Müdigkeit vor-
1380 1407 1743 1496 Frieda
625 1409 3509 1553 schützte. Ich wollte für Dienstag, Mittwoch in die Wachau, aber sie kann
566 1589 3370 1731 leider nicht. Was für Tage, was für Nächte und der Himmel ist blau und
610 1685 1373 1852 der Flieder blüht.
566 1831 3524 1974 6.5.1930. A.'s Anruf in der Früh, er erwartet O. im Laufe des Vormittags.
574 1985 3452 2111 Er wünscht gegen Abend zu mir zu kommen, trotzdem ich sagte, er möge sich
580 2055 822 2151 durch
574 2123 3473 2228 mich in keiner Weise stören lassen und tun, als ob ich abwesend wäre.
579 2248 3475 2368 Ton kühl, unbeträchtlich. Diese Tage müssen Klarheit in die Zukunft brin-
570 2370 792 2513 gen.
609 2560 3420 2666 8.5. A. mit 0. und Arnoldo auf den Semmering, wo wir im Vorjahr Tür an
612 2675 2916 2829 Tür wohnten. Abschied wortlos, ich zitterte vor Aufregung.
557 2862 3427 3009 10.5.A. ruft vom Semmering aus an. Wozu? Um sich kühle, fremde Worte zu
601 3028 884 3159 sagen.
537 3190 3447 3354 12.5. Ich schrieb ihm einen Brief, der ihn hier erwarten soll. Entweder-
556 3345 3397 3465 oder. Diese Zeilen sind noch einmal mit meinem ganzen Herzen geschrie-
542 3482 770 3605 ben.
595 3623 3392 3839 13.5. Harry teilt mir mit, er habe sich mit einer entzückenden Russin,
571 3802 3277 3915 einem Fräulein v. Günzburg, verlobt. Ich sagte, ich nehme seine Bräute
607 3908 1600 4066 nicht mehr zur Kenntnis.
2553 3973 2715 4171 est
557 4075 3409 4256 14.5. A. mit der O. heute um 1 Uhr angekommen mich um 4 Uhr angerufen,
549 4256 3270 4442 da sie bei ihm gegessen hat. Mein Brief bei Ihm. Was wird er sagen?
3618 150 3684 267 38
