3742 4626
550 275 765 450 1929
568 443 3485 645 1.1. Tante Clara und Kinder zu Tisch, ganzen Nachmittag und Abend allein.
555 615 3409 772 Trübe Gedanken. Am "Kammerdiener" geschrieben, da ich bei "Corday" der-
572 748 1544 904 zeit nicht weiterkomme.
565 865 3392 1048 2.1. Schneefälle. Ich bin wie auf einer fernen Insel. Die Elektrische
556 993 2779 1154 und die Autos kommen kaum vorwärts. Verkehrsstörungen.
576 1108 3395 1276 3.12. Täglich gute, zärtliche Briefe von A. Wenn er nur schon da wäre!
557 1251 3495 1408 Zum Thee Felix Salten und Gattin, Sil Vara und Freundin. Es musste sein,
575 1392 3385 1538 man kann sichs nicht mit allen Menschen verderben. Sil Vara recht sym-
576 1524 3336 1694 pathisch, alle Andern minder, besonders die Freundin Frau C. Kriechend
568 1646 3460 1807 lieb zu mir, herrlich gekleidet, aber der gemeine Zug um den Mund täuscht
584 1810 3435 1948 mich nicht. Alle entzückt von meiner Wohnung. Beim Fortgehen F.S. hef-
583 1911 3460 2044 tige Ausfälle gegen die O. Wie kann A.S. den Sylvesterabend mit diesem
591 2089 3427 2207 Weib verbringen! Ich sagte wieder sanft mein Verserl auf. Ganz belang-
591 2180 3326 2346 los, Rücksicht auf dem Sohn, Schwiegersohn etc. Auch die Liebe zu dem
603 2353 2637 2473 Schwiegersohn versteht niemand, - ich auchs nicht.
590 2451 3531 2586 4.1. Zum ersten Mal wieder in der Stadt, aber bald wider zuhause. Putön-
594 2580 3398 2730 chen zu Tisch, er war furchtbar lieb und herzlich zu mir und ich hatte
594 2699 3399 2829 das Gefühl einer Untreuebgegen A., nur weil ich mich dabei wohl fühlte.
604 2865 3484 2978 Ich erzählte dabei fortwährend von A. und liess keinen Zweifel über die
588 2971 3288 3127 Art unserer Beziehung offen. Ich nehme alle diese Dinge sehr genau
598 3104 3540 3240 und bin für die strengste Ehrlichkeit, die ich ja auch verlange. Ich habe
606 3229 2248 3386 den Besuch sofort nach Berlin berichtet.
597 3378 3499 3512 Ziemlich viel Schmerzen gegen Abend, wie oft in der letzten Zeit. Manch-
609 3523 1775 3653 mal mache ich mir Gedanken -
610 3639 3290 3770 5.1. Nachmittag in der Sternwartestrasse, mit Minna beraten, wie man
606 3729 3308 3898 Lilis ehemaliges Zimmer umstellen könnte, für das ich ihm den Tisch
618 3904 3364 4029 zu Weihnachten schenkte. Es sieht so arm aus, da ja die O. die Möbel
623 4004 3188 4181 nach Berlin genommen hat. Plötzlich fing dieses sonst so stille
598 4148 3461 4293 Mädchen an mit mir zu sprechen. Abneigung gegen den Schwiegersohn, fast
3503 111 3652 284 190
