3759 4658
1961 279 2745 457 Berlin, 19.10.1925.
1997 433 2906 611 (nach Wien Peregring.)
720 570 3268 736 Mein Liebes. Ich bin sehr froh, dass sich nun die Wohnungsfrage
697 720 3154 849 in einer verhältnismässig günstigen Weise zu lösen scheint –
735 842 3397 988 hoffe aber, Du bindest Dich nicht auf zu lang, um doch die Möglich¬
690 971 3297 1114 keit eines vortheilhaften Abschlusses nicht zu weit
735 1105 3342 1233 hinauszuschieben. - Von mir ist zu berichten, das sich alle meine
697 1285 3509 1388 Angelegenheiten (vom Film abgesehen) fast programmgemäss entwickeln.
697 1361 3270 1509 Mit Barnowsky ist abgemacht, dass die Komödie der Verführung bis
742 1492 3425 1613 zur Aufhebung der grössten Besetzungsschwierigkeiten ruhen bleibt.
730 1626 3344 1765 Hingegen sollen die Schwestern im December kommen, - dazu entweder
747 1768 3392 1889 Cassian oder Mizi.- Ueberdies soll (nachmack woll!) anlässlich des
677 1925 3419 2024 bevorstehenden Moissi-Gastspiels entweder Zwischenspiel oder Leben¬
738 2045 3386 2157 dige Stunden gespielt werden. Wir wind sehr d'accord in allen
698 2158 3399 2318 Fragen; - er hat sich meiner Einsicht in keiner Weise verschlos¬
689 2278 3431 2405 sen. Und nun komm ich eben von Jessner (auch er von einem Entgegen¬
685 2451 3431 2570 kommen, das ich theoretisch wenigstens hier überall vorfinde und das
685 2570 3261 2696 ich nicht erwartet hatte). - Er liest den Weiher in den nächsten
694 2692 3235 2820 Tagen; - ich habe mich aber noch nicht gebunden. Das Wichtigste
697 2814 3234 2922 scheint ihm; eine Rolle für die Lossen zu haben.- Dann erwogen
702 2931 3312 3072 wieder Einakterabend mit Kakadu als Hauptstück. Ferner denkt er
710 3076 3435 3211 (von ferne) an Fliederbusch.- Die Liebelei wird en suite gespielt.-
698 3196 3343 3356 Gestern Nachmittag bei Albert; dann Pieterkowsky, endlich bei Lie¬
738 3320 3369 3472 belei. Nachher mit Michaelis (4 Personen) Heini, Fehling, Luzy Mann¬
710 3445 3115 3582 heimer (Christine), Szell und Frau, Maria Fein genachtmahlt.-
705 3625 3231 3723 Jetzt muss ich zu Georg Engel (Vorlesungssache), esse mit Heini
683 3753 3353 3870 bei Michaelis. Abend wohl ein Kino oder Car.... (unleserlich) (die
706 3840 3525 3968 Russen). - Morgen Goldmann ev. Fischer, abends 7 Uhr Abreise. Mittwoch
762 3956 3379 4031 Vormittag hoffentlich Wien. - Und nun küss ich Dich tau¬
767 4013 3367 4103 sendmal, ehe wenigstens einer von diesen Küssen Wirklichkeit wird!
747 4088 1847 4231 Auf ein frohes Wiedersehen.
1861 4125 2074 4240 Dein
2104 4134 2230 4324 A.
1717 4281 1985 4479 - - - - - -
