<?xml version="1.0" encoding="UTF-8" standalone="yes"?>
<PcGts xmlns="http://schema.primaresearch.org/PAGE/gts/pagecontent/2013-07-15" xmlns:xsi="http://www.w3.org/2001/XMLSchema-instance" xsi:schemaLocation="http://schema.primaresearch.org/PAGE/gts/pagecontent/2013-07-15 http://schema.primaresearch.org/PAGE/gts/pagecontent/2013-07-15/pagecontent.xsd">
    <Metadata>
        <Creator>prov=READ-COOP:name=TrHtr:version=0.0.6:model_id=44522:date=25_11_2022_11:52</Creator>
        <Created>2022-11-17T16:35:38.354+01:00</Created>
        <LastChange>2022-11-25T11:52:39.611Z</LastChange>
        <TranskribusMetadata docId="1233893" pageId="50263576" pageNr="535" tsid="105032502" status="IN_PROGRESS" userId="40391" imgUrl="https://files.transkribus.eu/Get?id=BGXFZJZGYVLOCKYUEDKIARGH&amp;fileType=view" xmlUrl="https://files.transkribus.eu/Get?id=VLHCWESXICACITWDMMELLHZE" imageId="41050679"/>
    </Metadata>
    <Page imageFilename="HIN-155550_0535.tif" imageWidth="3770" imageHeight="4718">
        <ReadingOrder>
            <OrderedGroup id="ro_1669820952021" caption="Regions reading order">
                <RegionRefIndexed index="0" regionRef="r1"/>
            </OrderedGroup>
        </ReadingOrder>
        <TextRegion id="r1" custom="readingOrder {index:0;}">
            <Coords points="545,101 545,3435 3669,3435 3669,101"/>
            <TextLine id="r1l1" custom="readingOrder {index:0;}">
                <Coords points="2177,427 2965,419 2964,336 2822,326 2792,297 2559,329 2176,310"/>
                <Baseline points="2196,404 2233,405 2271,405 2308,405 2346,405 2383,404 2421,404 2458,404 2496,404 2533,404 2571,402 2608,402 2646,402 2683,401 2721,401 2758,401 2796,400 2833,399 2871,399 2908,399 2946,398"/>
                <TextEquiv>
                    <Unicode>22.4.1928. Bl.2.</Unicode>
                </TextEquiv>
            </TextLine>
            <TextLine id="line_1668770612812_3637" custom="readingOrder {index:1;}">
                <Coords points="529,665 3307,590 2769,476 2599,558 528,556"/>
                <Baseline points="545,623 589,621 634,621 678,621 723,620 767,620 812,620 856,620 901,618 945,618 990,618 1035,618 1079,618 1124,617 1168,617 1213,617 1257,615 1302,615 1346,614 1391,614 1436,612 1737,611 1814,609 1892,608 1969,608 2047,606 2124,606 2202,605 2279,605 2357,603 2434,603 2512,602 2590,602 2667,600 2745,599 2822,599 2900,597 2977,596 3055,594 3132,593 3210,591 3288,588"/>
                <TextEquiv>
                    <Unicode>8. xxx mit dem Capitään und etlichen Italienern zu einem Glas Cham-</Unicode>
                </TextEquiv>
            </TextLine>
            <TextLine id="r1l4" custom="readingOrder {index:2;}">
                <Coords points="566,771 3491,784 3489,623 565,683"/>
                <Baseline points="584,752 728,750 872,749 1016,747 1161,746 1305,745 1449,743 1594,741 1738,740 1882,738 2027,737 2171,735 2315,734 2459,732 2604,731 2748,729 2892,728 3037,726 3181,725 3325,723 3470,720"/>
                <TextEquiv>
                    <Unicode>pagner geladen; - in hielt mich abzeits, was mich nicht hinderte schlecht</Unicode>
                </TextEquiv>
            </TextLine>
            <TextLine id="r1l5" custom="readingOrder {index:3;}">
                <Coords points="562,929 3169,884 3409,798 561,827"/>
                <Baseline points="579,881 719,878 860,876 1000,875 1141,873 1281,872 1422,872 1562,870 1703,869 1843,867 1984,867 2125,866 2265,864 2406,864 2546,863 2687,861 2827,860 2968,858 3108,857 3249,855 3390,854"/>
                <TextEquiv>
                    <Unicode>zu schlafen und bis zu träumen, was mir auf dieser Reise nicht sel-</Unicode>
                </TextEquiv>
            </TextLine>
            <TextLine id="line_1668770617131_3642" custom="readingOrder {index:4;}">
                <Coords points="559,1038 3064,1043 3304,935 558,943"/>
                <Baseline points="578,1010 622,1010 666,1010 710,1010 754,1008 798,1008 842,1008 886,1008 930,1007 974,1007 1019,1005 1063,1005 1107,1005 1151,1004 1195,1004 1239,1004 1283,1004 1327,1004 1371,1005 1415,1005 1460,1007 1772,1001 1847,1001 1923,999 1999,998 2075,998 2150,998 2226,996 2302,996 2378,995 2453,995 2529,995 2605,993 2681,993 2756,993 2832,992 2908,992 2984,990 3059,990 3135,989 3211,989 3287,987"/>
                <TextEquiv>
                    <Unicode>ten passiert. - Später wollen wir nach Skutari zu Schiff, eine halbe</Unicode>
                </TextEquiv>
            </TextLine>
            <TextLine id="r1l8" custom="readingOrder {index:5;}">
                <Coords points="597,1180 3416,1164 3451,1061 596,1085"/>
                <Baseline points="614,1139 755,1139 896,1139 1037,1137 1178,1137 1319,1136 1460,1134 1601,1133 1742,1131 1883,1130 2024,1130 2165,1128 2306,1127 2447,1125 2588,1124 2729,1122 2870,1121 3011,1121 3152,1119 3293,1119 3434,1118"/>
                <TextEquiv>
                    <Unicode>Stunde, dafür ist man aber in Kleinasien, und vielleicht noch nach Pera,</Unicode>
                </TextEquiv>
            </TextLine>
            <TextLine id="r1l9" custom="readingOrder {index:6;}">
                <Coords points="566,1301 2432,1244 3224,1321 3369,1181 564,1155"/>
                <Baseline points="585,1272 723,1271 861,1269 999,1268 1138,1266 1276,1265 1414,1263 1553,1262 1691,1262 1829,1260 1968,1259 2106,1257 2244,1257 2382,1256 2521,1254 2659,1254 2797,1253 2936,1251 3074,1250 3212,1248 3351,1247"/>
                <TextEquiv>
                    <Unicode>der eigentlich europäischen Stadt. Morgen sind wir xxx xxx gleich-</Unicode>
                </TextEquiv>
            </TextLine>
            <TextLine id="r1l10" custom="readingOrder {index:7;}">
                <Coords points="553,1415 3324,1397 3108,1263 2784,1342 552,1335"/>
                <Baseline points="572,1398 708,1398 845,1398 981,1397 1118,1397 1255,1395 1391,1395 1528,1394 1665,1392 1801,1391 1938,1391 2075,1389 2211,1388 2348,1388 2485,1386 2621,1386 2758,1385 2895,1385 3031,1383 3168,1383 3305,1383"/>
                <TextEquiv>
                    <Unicode>falls in Constantinopel ( es gibt noch viel zu sehen). Dienstag Mittag</Unicode>
                </TextEquiv>
            </TextLine>
            <TextLine id="r1l11" custom="readingOrder {index:8;}">
                <Coords points="529,1550 3147,1568 3303,1468 1290,1402 528,1469"/>
                <Baseline points="545,1532 682,1530 819,1529 956,1529 1093,1527 1230,1526 1367,1526 1504,1524 1641,1524 1778,1523 1915,1523 2052,1521 2189,1520 2326,1520 2463,1518 2600,1517 2737,1517 2874,1515 3011,1514 3148,1512 3285,1511"/>
                <TextEquiv>
                    <Unicode>Reginn der Rundfahrt mit geringen Aufenthalten in Rhodus, in</Unicode>
                </TextEquiv>
            </TextLine>
            <TextLine id="r1l12" custom="readingOrder {index:9;}">
                <Coords points="562,1695 3359,1640 3121,1546 562,1582"/>
                <Baseline points="579,1661 717,1659 855,1658 993,1658 1131,1656 1269,1656 1407,1655 1545,1655 1683,1653 1821,1653 1960,1652 2098,1652 2236,1650 2374,1649 2512,1649 2650,1647 2788,1646 2926,1644 3064,1643 3202,1641 3341,1640"/>
                <TextEquiv>
                    <Unicode>Ragusa. Montag Nachmittag 5 Triest. Ich fahre mit den Kindern voraus-</Unicode>
                </TextEquiv>
            </TextLine>
            <TextLine id="r1l13" custom="readingOrder {index:10;}">
                <Coords points="557,1809 3361,1823 3361,1724 3240,1699 557,1729"/>
                <Baseline points="575,1788 713,1788 851,1788 989,1788 1128,1788 1266,1788 1404,1787 1543,1787 1681,1785 1819,1784 1958,1784 2096,1782 2234,1781 2372,1781 2511,1779 2649,1778 2787,1778 2926,1776 3064,1776 3202,1776 3341,1776"/>
                <TextEquiv>
                    <Unicode>sichtlich nach Venedig und vielleicht wieder Mittwoch oder Donnerstag</Unicode>
                </TextEquiv>
            </TextLine>
            <TextLine id="r1l14" custom="readingOrder {index:11;}">
                <Coords points="559,1922 3407,1893 3322,1813 559,1867"/>
                <Baseline points="578,1919 718,1919 858,1919 999,1919 1139,1919 1280,1917 1420,1917 1561,1916 1701,1916 1842,1914 1982,1914 2122,1913 2263,1911 2403,1911 2544,1910 2684,1908 2825,1907 2965,1907 3106,1905 3246,1904 3387,1902"/>
                <TextEquiv>
                    <Unicode>auf dem Luftweg nach Wien. Ich hoffe die Seereise zurück wird sehr er-</Unicode>
                </TextEquiv>
            </TextLine>
            <TextLine id="r1l15" custom="readingOrder {index:12;}">
                <Coords points="553,2072 3390,2089 3415,1975 552,1981"/>
                <Baseline points="572,2048 713,2049 854,2049 995,2049 1137,2049 1278,2049 1419,2048 1561,2048 1702,2047 1843,2046 1985,2045 2126,2045 2267,2043 2408,2042 2550,2042 2691,2040 2832,2040 2974,2040 3115,2039 3256,2039 3398,2039"/>
                <TextEquiv>
                    <Unicode>holend sein - und am Ende nehme ich doch meine Arbeiten vor. In Raguea</Unicode>
                </TextEquiv>
            </TextLine>
            <TextLine id="r1l16" custom="readingOrder {index:13;}">
                <Coords points="541,2192 3261,2214 3348,2126 540,2119"/>
                <Baseline points="560,2181 698,2181 837,2181 975,2181 1114,2180 1252,2180 1391,2180 1529,2178 1668,2178 1806,2177 1945,2175 2083,2175 2222,2174 2360,2172 2499,2172 2637,2171 2776,2171 2914,2169 3053,2169 3191,2169 3330,2169"/>
                <TextEquiv>
                    <Unicode>werde ich ja hoffentlich auch einen Brief von Dir finden.-Auf diesen</Unicode>
                </TextEquiv>
            </TextLine>
            <TextLine id="r1l17" custom="readingOrder {index:14;}">
                <Coords points="552,2328 3506,2327 3505,2203 552,2233"/>
                <Baseline points="572,2309 717,2309 863,2307 1009,2307 1155,2306 1301,2306 1446,2306 1592,2306 1738,2304 1884,2304 2030,2304 2175,2304 2321,2303 2467,2303 2613,2303 2759,2301 2904,2301 3050,2300 3196,2298 3342,2297 3488,2295"/>
                <TextEquiv>
                    <Unicode>antworte mir bitte ein Wort nach Triest (Passagier etc.) Bureau Cosulich</Unicode>
                </TextEquiv>
            </TextLine>
            <TextLine id="r1l18" custom="readingOrder {index:15;}">
                <Coords points="572,2463 951,2433 1151,2506 1213,2458 1957,2438 2125,2496 2249,2452 2249,2339 936,2389 750,2324 571,2387"/>
                <Baseline points="588,2439 670,2439 752,2439 834,2439 916,2439 998,2439 1080,2439 1163,2438 1245,2438 1327,2438 1409,2438 1491,2436 1573,2436 1655,2436 1738,2436 1820,2436 1902,2436 1984,2436 2066,2436 2148,2436 2231,2436"/>
                <TextEquiv>
                    <Unicode>eventuell Venedig zu Lili (S. Paolo 2545).</Unicode>
                </TextEquiv>
            </TextLine>
            <TextLine id="r1l19" custom="readingOrder {index:16;}">
                <Coords points="544,2580 3370,2604 3271,2466 544,2500"/>
                <Baseline points="563,2570 702,2568 841,2568 981,2568 1120,2567 1259,2567 1399,2567 1538,2567 1677,2567 1817,2565 1956,2565 2095,2565 2235,2565 2374,2564 2513,2564 2653,2564 2792,2562 2931,2562 3071,2561 3210,2561 3350,2559"/>
                <TextEquiv>
                    <Unicode>myxx Für Deine Nachrichten über F.S. etc. danke ich Dir sehr.-Dass</Unicode>
                </TextEquiv>
            </TextLine>
            <TextLine id="r1l20" custom="readingOrder {index:17;}">
                <Coords points="565,2651 587,2651 594,2644 664,2647 671,2640 689,2640 689,2578 620,2582 583,2549 565,2549"/>
                <Baseline points="585,2637 614,2634 643,2634 672,2637"/>
                <TextEquiv>
                    <Unicode>Du</Unicode>
                </TextEquiv>
            </TextLine>
            <TextLine id="r1l21" custom="readingOrder {index:18;}">
                <Coords points="537,2736 3407,2745 3406,2617 3104,2593 537,2648"/>
                <Baseline points="554,2700 695,2700 837,2699 978,2699 1120,2699 1262,2698 1403,2697 1545,2697 1687,2697 1828,2696 1970,2696 2112,2694 2253,2694 2395,2693 2537,2693 2678,2691 2820,2691 2962,2690 3103,2690 3245,2688 3387,2687"/>
                <TextEquiv>
                    <Unicode>eine Freie Preise refüsiert hatt, war das einzig richtige. Ich wün-</Unicode>
                </TextEquiv>
            </TextLine>
            <TextLine id="r1l22" custom="readingOrder {index:19;}">
                <Coords points="556,2831 3400,2866 3341,2727 555,2776"/>
                <Baseline points="575,2831 715,2831 855,2829 996,2829 1136,2829 1277,2829 1417,2828 1557,2828 1698,2826 1838,2826 1979,2825 2119,2825 2259,2823 2400,2823 2540,2822 2681,2822 2821,2822 2961,2820 3102,2820 3242,2820 3383,2820"/>
                <TextEquiv>
                    <Unicode>sche Dir gute Stimmung zum arbeiten und freundliche Gedanken für mich.</Unicode>
                </TextEquiv>
            </TextLine>
            <TextLine id="r1l23" custom="readingOrder {index:20;}">
                <Coords points="567,3002 3207,3013 3305,2896 566,2882"/>
                <Baseline points="584,2957 719,2958 854,2958 989,2960 1124,2960 1260,2960 1395,2960 1530,2960 1665,2958 1800,2958 1936,2957 2071,2957 2206,2955 2341,2955 2476,2954 2611,2952 2747,2952 2882,2951 3017,2951 3152,2949 3288,2949"/>
                <TextEquiv>
                    <Unicode>Ich bin bei Dir, mein geliebtes Kind mit den allerinnigsten Gefühlen</Unicode>
                </TextEquiv>
            </TextLine>
            <TextLine id="r1l24" custom="readingOrder {index:21;}">
                <Coords points="553,3119 848,3133 965,3085 1078,3140 1249,3095 1676,3131 2077,3100 2077,3005 553,3010"/>
                <Baseline points="572,3089 646,3090 720,3090 794,3090 869,3090 943,3090 1017,3090 1092,3090 1166,3089 1240,3089 1315,3089 1389,3087 1463,3087 1537,3087 1612,3086 1686,3086 1760,3086 1835,3086 1909,3087 1983,3087 2058,3089"/>
                <TextEquiv>
                    <Unicode>und küsse Dich von Herzen viele Male.</Unicode>
                </TextEquiv>
            </TextLine>
            <TextLine id="r1l25" custom="readingOrder {index:22;}">
                <Coords points="1441,3283 1470,3290 1488,3272 1506,3276 1598,3237 1616,3252 1656,3242 1711,3264 1751,3239 1806,3233 1807,3171 1690,3147 1657,3173 1577,3146 1508,3160 1443,3130"/>
                <Baseline points="1461,3215 1486,3217 1511,3219 1536,3221 1561,3222 1586,3222 1611,3222 1636,3221 1661,3221 1686,3221 1711,3221 1736,3221 1761,3222 1787,3224"/>
                <TextEquiv>
                    <Unicode>Dein A.</Unicode>
                </TextEquiv>
            </TextLine>
            <TextLine id="r1l26" custom="readingOrder {index:23;}">
                <Coords points="1493,3414 1574,3449 1629,3447 1657,3425 1684,3442 1728,3414 1759,3432 1816,3416 1825,3329 1803,3323 1769,3341 1727,3322 1700,3334 1680,3313 1619,3333 1581,3310 1505,3306"/>
                <Baseline points="1515,3377 1540,3378 1566,3380 1592,3384 1618,3387 1644,3390 1670,3393 1696,3397 1722,3400 1748,3402 1774,3402 1800,3402"/>
                <TextEquiv>
                    <Unicode>....----</Unicode>
                </TextEquiv>
            </TextLine>
            <TextLine id="r1l27" custom="readingOrder {index:24;}">
                <Coords points="3562,280 3583,275 3598,281 3644,242 3647,246 3662,237 3691,236 3685,127 3655,128 3629,104 3614,105 3606,98 3596,110 3552,108"/>
                <Baseline points="3575,206 3606,203 3637,201 3669,201"/>
                <TextEquiv>
                    <Unicode>110</Unicode>
                </TextEquiv>
            </TextLine>
            <TextEquiv>
                <Unicode>























</Unicode>
            </TextEquiv>
        </TextRegion>
    </Page>
</PcGts>
