3770 4694
2023 304 3159 463 Bozen, Stadthotel, 16.8.1927.
1990 435 2894 578 (nach Schloss Neudorf)
741 592 3385 751 Mein Liebes, Campiglio liegt hinter mir, und so schön Fahrt und Ge-
744 748 3357 856 gend war und so ungetrübt die Tage vergingen - Campiglio ist eine
758 854 3550 983 erledigte Sache. Der Ort selbst - ein Haufen von Hotels und Häusern,-
785 998 3521 1146 ohne Ausblick; das Campo Carlomagnio 150 Meter höher - freier gele-
746 1160 3351 1273 gan; wo das elegante Hotel steht; -gekrönt von der Alpenhätte mit
747 1270 3318 1400 Luxushotelpreisen, wo ich wohnte (und der Wirt einen Tag dazu zu
862 1396 3390 1516 schwindeln versuchte). (Sehr schöne Spaziergänge; ich war beim
749 1542 3436 1695 Lago Nambino und bin so herumgebummelt. An und mit Heini hatte ich
773 1650 3445 1767 viel Freude, er sieht glänzend aus und ist in bester Stimmung. Mit
749 1778 3351 1904 0. durchaus freundschaftlich-ernste Gespräche; - mehr als je über
778 1918 3317 2039 Dich - und ich wollte fast Du hättest einige hömen können; - da
722 2033 3405 2158 sie ja sehr genau weiss, wie ich zu ihr und mit Dir stehe, kann sie
746 2170 3595 2291 begreiflicherweise Deine Art die Dinge zu sehen nicht ganz verstehen.
746 2318 3387 2428 Nun ich erzähle Dir alles genau, wenn wir uns wiedersehen. Sie ist
728 2450 3478 2597 heute mit Pieterkowskys (er ist ein besonders kluger Mensch, mit dem
760 2582 3348 2681 ich anregende politische und historische Gespräche ge-
783 2692 3385 2806 führt habe,- xxx den Karersee, wo mit Frau Schneider und Dr.B.
749 2831 3552 2956 zusammentrifft; - ob aus der spanischen Frachtschiffs-
735 2962 3309 3085 reise was werden wird, ist mir nicht klar (und ihr auch nicht).
730 3102 3543 3238 Gestern Abend sind wir alle in Bozen eingetroffen; Stefenelli empfahl
743 3233 3426 3358 Stadthotel, besonders sympathisch, auch der Besitzer durchaus modern
745 3377 3323 3517 und halb so teuer als das Laurin. Nur Hotel garni mit Frühstück.
739 3470 3345 3613 Im allgemeinen aber sind die Preise seit vorigen Jahr mindestens
731 3634 3414 3732 anderthalbmal so hoch geworden. - Hier habe ich endlich, seit meiner
767 3750 3546 3866 Abreise von Wien, die erste Nachricht von Dir gefunden: die Karte aus
770 3860 3288 3986 Graz und dein Brief aus Neudorf. Du schilderst das Schloss mit
709 4000 3544 4144 mehr Humor als Liebe und von der Landschaft sagst Du beinahe nichts.
713 4140 3456 4272 Hoffentlich aber hältst dus noch über Samstag und Sonntag aus. Eben
732 4260 3490 4393 erwarte ich telefonischen Anruf von Fischer (zwei Karten liegen da) -
