3759 4630
637 298 840 421 1927
623 463 935 609 22.12.
654 602 3285 781 Gestern bei A. zum Nachtmahl. Capitano Cappellini kennen gelernt.
648 738 3419 866 Unbeträchtlich, sympathischer Mensch. Lili entzückend. Nicht zu glau-
645 863 3376 1027 ben, dass sie um ein halbes Jahr jünger ist als Magda. Sie sieht aus
658 1014 3307 1172 wie eine interessante Frau von 25 Jahren. Sehr geschminkt, aber es
659 1147 1211 1298 paast zu ihr.
649 1300 3505 1411 24.12. Weihnachtsabend bei Wellenz mit den Kindern. Gemütlich und froh
653 1388 3520 1515 mit Harry und Wilmi bei dichtem Nebel heingefahren. Von A. einem herr-
646 1542 3427 1664 lichen Fuchs bekommen. Er und Lili riefen mich noch in der Nacht an,
659 1663 2098 1808 um mir für die Geschenke zu danken.
647 1794 3432 1927 1. Feiertag. Stiller, einsamer Tag. Die Kinder alle vergeben. Am Abend
650 1922 3048 2076 A. bei mir. Sehr lieb und zärtlich. Ich ziemlich erkältet.
642 2016 2532 2184 26.12. Erkältet zu Bett. Vormittag A. bei mir.
636 2178 3314 2328 27.12. A. bei mir gemachtmahlt. Biographie weiter vorgelesen. Ich
666 2320 3401 2437 leide immer ein wenig, obwohl es vergangene Zeiten sind. Es ist wun-
652 2467 3133 2571 dervoll geschrieben. Erkältet, sitze viel zuhause und arbeite.
657 2592 909 2714 1928.
665 2664 3417 2808 1. Jänner. Sylvesterabend, wollte A. mit mir in ein Theater und dann
660 2822 3394 2962 zu mir kommen. Ich rietvihm mit Lili und Gatten auszugehen und dann
645 2934 3540 3102 Verst bei mir. Und so war es. Das neue Jahr sehr schön und in Zärtlich-
650 3068 3391 3211 keit und guter Stimmung begonnen. Vormittag mit A. spazieren, Mittag
655 3218 2576 3350 Fredi und Harry zu Tisch. Abend mit A. im Kino.
649 3314 3394 3453 4.1. Viel Arbeit, gute Stimmung, der Roman gedeiht. Mit A. im Theater
669 3464 3467 3583 "Amphitrion". Entzückend. Dann "Es ist mein Wille" von Goldmann. Ent-
663 3639 3344 3764 setzlich. Wie kann man ein so läppisches Stück annehmentaufführen?
657 3741 3355 3865 8.1. Mit A. allein bei Salten zum Nachtmahl. Wer hätte je an diese
649 3855 3340 4014 Zusammenstellung gedacht, als er vor 30 Jahren meine Schwester Anna
701 4023 3518 4184 liebte? Er war sehr nett, aber Unaufrichtigkeit da und dort. Religiöse
657 4156 3392 4313 Gespräche gestreift. F.S. missbilligt, dass ich ein heidnisches Herz
3554 61 3643 240 90
