3726 4662
2138 301 2885 447 14.8.1924. Bl.2.
583 473 3476 638 fort. Heute bekam ich einen 8Seiten langen Brief von Karl. Er ist wirk-
562 599 3362 797 lich lieb und brav, nur gibt er zuviel Geld aus. Er hat in der ersten
550 731 3293 889 Woche seines Urlaubs genau so viel gebraucht wie ich hier. Ich habe
542 888 3260 1017 für 8 Tage mit Getränken (1 Flasche Macon, 1 Flasche Beaujolais) und
550 1018 3332 1150 10% Trinkgeld 115 Francs gezahlt. Bin ich nicht spazx sparsam? Leb
563 1156 3445 1297 wohl, ich will versuchen mich schön zu machen, obwohl ich nicht weissmfür
566 1280 1269 1409 wen und für was.
1229 1410 2182 1589 Einen innigen Kuss von
1590 1535 1883 1674 Deiner
1840 1673 2526 1821 Clara Katharina.
3511 119 3639 303 93
