3787 4698
3007 275 3273 382 Bl. 4.
2424 262 2908 434 27.4.29.
781 425 3372 594 Stunden vergingen mit der Ordnung der Reiseangelegenheiten (die
777 598 3509 703 Bureaux am Strand, eine 7 Kilometerstrecke weit von der Stadt). Die-
787 728 3306 869 Zeilen schreibe ich in dem kleinen Salon des Hotels - draussen
782 866 3466 963 der Garten mit Palmen und Engländern, - und das Meer rauscht herein.
791 1002 3293 1151 Von Hitze keine Spur. Auf Teneriffa müssen wir (ebenso wie auf
777 1124 3347 1248 Madeira) verzichten - es gehen ganz kleine Dampfer, nur Nachts,-
789 1251 3497 1354 in der nächsten Nacht müssten wir zurück. Es wäre etwas strapaziös.
775 1399 3562 1485 So bleiben wir denn bis Montag hier, dann gehts auf dem Antonio Delfi-
780 1516 3509 1648 no über Lissabin, Vigo, Boulogne sur Mer nach Hamburg (nicht Bremen);
776 1672 3395 1789 dann Berlin. Diese Zeilen treffen kaum früher bei Dir in Wien ein
785 1793 3383 1913 als ich - in Hamburg; und ich bitte Dich Deine Antwort gleich an
784 1906 3427 2042 meine Wiener Adresse abzusenden, wohin ich telegraphiere,wohin mir
2553 2007 2739 2076 défaut
2970 2008 3180 2091 noch
783 2041 3274 2166 alles nachzusenden ist; - es sei denn Du erhältet früher eine
769 2177 1590 2318 Depesche von mir.-
1004 2282 3061 2458 Lebwohl mein Liebstes - ich umarme Dich zärtlich.
1899 2425 2124 2555 Dein
2062 2572 2139 2674 A.
1853 2728 2064 2859 - -
3512 116 3655 295 278
