3771 4654
524 365 970 561 16.5.1931.
2825 507 3335 675 Sonntag ohne
529 473 2625 678 Wieder Anruf A. genau so kühl, belanglos. Er kommt mo
3254 669 3460 780 Zeit
3093 667 3181 822 de
522 624 2963 807 Angabe der Stunde und ich soll mich in keiner Weise binden,ü
531 814 3550 950 verfügen.-Ich habe das Gefühl, dass er schon heute zurück sein wird und den
529 880 3632 1073 Abend für sich haben will. Habe mir für Abend Emmy R. eingeladen, mein Garten
539 1053 3539 1199 ist voll Flieder und Duft, aber wie traurig ist das alles - und wie empfin-
520 1146 2417 1319 det man doppelt diese schreckliche Einwamkeit.
519 1299 3466 1430 Vormittag die Polster, die ich ihm zum Geburtstag schenke, hinübergetragen
525 1418 2207 1617 und einen Rhododendronstock hingeschickt.
528 1541 3471 1709 17.5. Mit Emmy gestern etwas einhörige Konversation, ich war innerlich zu
528 1679 3264 1816 elend, um anregend zu mein, wollte eigentlich um 3/4 11 Uhr Nacht, als
538 1819 3381 1976 sie fort war, noch bei A. versuchsweise anrufen, unterdrückte es aber, um
524 1928 3367 2131 mich nicht aufzuregen. Heute um 1/4 9 Uhr Früh rief er mich an. Er war
533 2092 2966 2246 richtig schon gestern Abend da. Warum, wozu? Ich frage nicht.
557 2243 3412 2368 Er kam um 12 Uhr Vormittag herüber, fand mich mehr gut aussehend. Das
530 2339 3377 2500 findet er immer, wenn er ein schlechtes Gewissen hat. Kühle Begrüssung,
530 2476 3476 2644 dann in etwas freundlicherer Stimmung kurze Spazierfahrt auf den Kobenzl.
516 2603 3413 2735 Die Clauser kommt angeblich Nachmittag zu ihn, ich weiss nicht, ob er sie
524 2742 3405 2883 nicht zu Tisch gebeten hat. Beweise fehlen mir, - was weiss ich überhaupt?
539 2899 3447 3048 Und niemand hilft mir. Am Abend mit ihm im Kino ("Voruntersuchung", wie
522 3026 3312 3167 immer jetzt solche Abendes zu Zweit unerträglich. Er sitzt neben mir,
527 3144 3400 3285 starrt an mir vorbei, kein liebes Wort kommt über seine Lippen, von Zärt-
527 3259 3450 3434 lichkeit gar nicht zu reden. Dabei war ich bis zur letzten halben Stunde
519 3389 3377 3546 ausgesprochen heiter, dann versagte meine Kraft und ich wurde still und
524 3522 3034 3691 ging sobald als möglich. Reden darüber kann man nicht mehr.
527 3688 3451 3846 Donnerstag woll Heini kommen, die Scheidung von Ruth ist schon vollzogene
528 3767 935 3933 Tat mache.
513 3947 3322 4088 19.5.Gestern Abend Josefstädtertheater bei "Das schwache Geschlecht",
519 4072 3489 4228 ekliger Schund. Dann mit Direktor Geyer soupiert. Es ist schon eine Wohl-
520 4178 3283 4307 tat, wenn man nicht allein ist. Gespräche über Aufführung von "Weites"
521 4350 3383 4492 Land", "Liebelei" und "Leutnant Gustl" für nächstes Jahr. Ich versuchte
3540 115 3687 261 174
