3759 4694
481 175 1294 422 2. Wien 22 Okt 1927
572 400 2586 569 tend machte ist wol ein meilenweiter Unterschied.
568 615 3355 743 Du findest es wünschenswert dass die O. dich besucht wenn sie in
574 733 3418 864 Wien ist, - gut, - aber dann eben wie ein Gast den man fallweise gerne
583 858 3454 995 spricht, bei dir zu Hause fühlen, müsste ich mich. Wäre dies der Fall
584 990 3382 1100 dann würde es mich auch nicht stören wenn du gelegentlich die Mutter
588 1141 3390 1280 deiner Kinder bei dir siehst. Heute fühle ich mich fremd bei Dir mit
582 1257 773 1365 dir.
574 1390 3419 1520 Hier sei es klaar und deutlich gesagt, um allen Misverständnissen für
572 1525 3464 1669 heut und immer vorzubeugen; der Gedanke an eine Ehe mit dir ist mir nie
571 1626 3395 1801 gekommen, ist mir immer völlig fern gelegen und ist mit mindestens so
582 1795 3380 1946 widerwärtig wie dir und ebenso ein dauerndes Zusammensein unter einem
576 1926 3489 2017 Dach. Aber wenn ich dir weiter Freundin und Geliebte sein soll dann mus
571 2067 3467 2177 mir unsre Beziehung endlich eine Art Heimath bedeuten eine Zuflucht aus allen Sor¬
573 2133 3331 2315 gen und Kümmernissen des Lebens. Du musst mich eben so gerne bei dir
572 2259 3410 2461 sehen wie ich dich bei mir. Ich gehe sehr gerne aus einer guten Stim¬
577 2454 3415 2573 mung heraus mit dir aus,- ins Theater, ins Kino etc. aber wir sind bei
559 2554 3451 2701 beide nicht jung genug, unser Zusammensein hauptsächlich darauf einzu¬
575 2703 3380 2818 stellen. Und ein Zusammensein unter meinem oder deinem Dach darf auch
570 2832 3408 2970 nicht wie bisher den Stempel eines festgelegten Programmes in sich tra¬
566 2962 3462 3114 gen. Man kommet zusammen weil man sich lieb hat weiI man gerne zusammen
517 3053 2319 3226 ist und lässt alle Möglichkeiten offen. -
563 3203 3387 3330 Und an unseren Zusammenkünften dürfte sich eben nichts ändern, ob nun
567 3342 3459 3516 deine Kinder oder deine geschiedene Frau wieder nach Wien kommen sollte
572 3458 3411 3601 Du kannst dich ruhig auf meinen Takt verlassen, dass ich mich ganz von
562 3602 3397 3738 selbst zurückziehen werde, wenn deine Kinder da sind, und nicht gera¬
559 3736 2609 3857 dann werde kommen wollen, wenn die O. angesagt ist.
554 3875 3457 4007 Ich begreife auch sehr gut, dass du stille einzame Abende und auch
562 4005 3444 4130 andere Menschen brauchst und ich möchte es für mich selbst ja auch nicht
557 4143 3377 4281 anders. Ich glaube man sollte vor allem gut zu einander sein, dann
548 4227 1725 4402 könnte noch alles gut werden
