3771 4723
705 360 1345 531 Tgb. 7.10.1930.
702 569 1209 705 im November.
706 696 3471 835 8.10. Vormittag Suzanne Clauser bei mir, die von A. kam. Besprechung
708 819 3468 943 wegen eventueller gemeinsamer Uebersetzung der "Schwestern". Hübsche
688 959 3476 1104 Person, aber irgend ein unangenehmer Zug um den Mund. Nicht ganz echt
684 1091 1101 1229 im Wesen.
714 1216 3218 1374 Abend im Volkstheater mit A. Drei kleine Stücke von Kurt Götz.
716 1337 3268 1478 Ich warte unausgesetzt auf die Antwort von Wildgans. Aus den 14
704 1497 3516 1605 Tagen sind schon 3 Wochen geworden. Ich warte, hoffe,bete und glaube.-
714 1617 3356 1757 9.10. Während ich Frieda heute diktierte, kam Hofrat Pirquet unan-
713 1777 3396 1900 gesagt. Ich empfing ihn daher nur für wenige Sekunden, freute mich,
698 1903 3156 2015 dass Frieda durch die offene Tür hörte, wie er zu mir sprach.
712 2021 3438 2132 Abends mi A. bei einem noch öderen Tonfilm: "Wie werde ich reich und
718 2143 3318 2268 glücklich?“ Nachher bei der „Lin“e“ genachtmahlt. Heini heiratet
710 2243 2630 2395 Ruth. A. scheint es recht gleichgültig zu sein.
2670 2344 2924 2452 Animo
754 2403 3514 2526 10.10. Ganzen Tag zuhause. Arbeitsversuche ohne xxx,Gefühl von Er-
720 2549 3310 2696 kältung, etwas Halsschmerzen.- A. hat mich heute 4 Mal angerufen.
715 2684 3301 2785 11.10. Kurzer Besuch A.'s am Vormittag. Ich beleite ihn dann auf
717 2794 3314 2923 Umwegen bis vor seine Türe. Gleichmässige Freundlichkeit. Mittag
723 2904 3392 3048 speist ein Fräulein Therese Rethy bei ihm, Abend Frau Schneider mit
720 3053 3387 3180 ihrem Freund Billiter. Mir sind all die Dinge heute wirklich egal.
722 3183 3448 3326 Ichbin Nachmittag bei der Première der Gisela Berger. (Nachmittags-
713 3302 2546 3477 vorstellung in der Komödie). Nehme Magda mit.
721 3441 3522 3565 Fräulein Lili Kraus hat von einem verheirateten Herrn Mandl in Berlin
714 3587 3477 3741 ein Kind bekommen und pro forma einen Filmschauspieler letzten Ranges
703 3698 3401 3847 g eheiratet. Als sie im März bei A. drüben war, war sie schon in der
707 3844 2554 3962 Hoffnung. Niemand wusste es. Eine feine Dame.
727 3947 3438 4083 Sonntag 12.10. Heute Früh ruft A. mich an. Nach belanglosen Gesprä-
727 4107 3366 4237 chen über den gestrigen Nachmittag sagt er: "Heut Abend kommst du
754 4269 3358 4374 wohl zu mir oder wenn du willst gehen wir vorher in ein Kino." -
3582 69 3631 243 10
