3690 4667
2128 260 2779 415 Wien, 20.9.1929.
625 238 1382 398 An A.S.Marienbad.
629 548 1169 667 Mein Liebes,
1173 624 3443 771 ich bin so froh, dass Du mich angerufen hast und dadurch
649 776 3443 902 diese grässliche Spannung und Depression von mir gewichen ist. Schau,
642 890 3274 1040 mein Liebes, mit einiger Einsicht musst Du doch vertehen, dass man
651 1065 3336 1193 verstimmt ist, wenn man am 6.Tag nach diesem zärtlichen Abschied in
655 1188 3459 1322 Nürnberg noch keinen Brief (er kam erst am 8.Tag), nur eine gekritzel-
648 1322 3336 1484 te Karte hat und keine Antwort auf zwei besonders liebe Schreiben.
1215 1444 3334 1575 Dass ein Brief von Dir verloren ging, konnte ich doch
690 1575 3319 1697 nicht wissen. Du hättest also meine Montag-Abend-Karte begreifen
643 1705 3328 1849 können und anstatt böse zu sein und mich kurz zu halten erst recht
666 1841 3351 1986 und rasch ein paar liebe, herzliche Worte schreibenmüssen, die alles
653 1994 3489 2110 erklärt hätten. Ist das Liebe, mein Schatz, wenn man gleich so reagiert?
626 2123 3420 2264 Steht dieses Vorgehen im Einklang mit den vergangenen Wochen? Bitte
655 2219 3418 2365 sei nicht trotzig wie ein verstocktes, kleines Kind, sondern sieh ein,
653 2354 2522 2510 dass Du Unrecht hast und schäm Dich ein wenig.
1182 2481 3367 2642 Ich bin sehr froh, dass Dir Bäder und Luft dort gut tun
663 2632 3285 2743 und ich freue mich riesig auf ein heiteres, gutes Wiedersehen. Ich
665 2753 3368 2879 schrieb gestern keinen Brief, da ich ja glaubte, dass Du gestern hier
657 2889 3297 2996 sein wirst und als dann am Nachmittag Deine knappe Mitteilung von
661 3000 3254 3140 der Reiseverlängerung kam, schrieb ich zur Vorsicht auch nur eine
640 3162 931 3280 Karte.
1154 3276 3456 3396 Ich fuhr dann in die Stadt, bummelte durch das abendliche
636 3404 3406 3533 Wien, traf später in der Stallburggasse Beinen Freund Schwarzkopf, der
646 3544 3296 3687 mich zum 40iger geleitete und sehr nett war, ich finde ihn besser
651 3685 2207 3822 aussehend, aber im Wesen sehr gealtert.
1168 3797 3241 3935 An meinem Stück habe ich einiges herumgearbeitet und
654 3920 1193 4075 werde morgen
1172 3915 3322 4031 Vormittag Frieda diktieren, die auch bei mir essen wird
678 3993 3437 4120 Hebwohl, Liebes, Du redest mir doch selbst ein, dass ich so wenig Fehler
659 4074 3407 4166 habe - kannst Du nicht mit den wenigen etwas nachsichtiger sein? Ob-
666 4166 3456 4244 wohl ich in diesem Fall gar nicht sehe, wo mein Fehler war. Ich weiss,
666 4218 3517 4322 Ich schreib keine sehr klugen und literarischen Briefe, denn ich schreibe
665 4312 3449 4408 mehr mit dem Herzen als mit dem Kopf. Und so musst Du sie auch nehmen.
662 4370 3382 4532 - Lieb wärs, wenn Du mir noch eine Zeile schicktest, der Brief ist ja
645 4440 2693 4613 morgen bei Dir. Ich küsse Dich sehr, sehr.Deine C.F.
3494 81 3561 253 271
