3771 4723
722 300 1367 494 Tgb. 8.11.1930.
686 485 3476 690 ihm, dass er die "Corday" morgen bei mir holen lässt. Vielleicht geht
722 659 3433 802 es auf diesem Weg. A. und ich fuhren zusammen xxx zurück (im Auto
724 838 3421 946 von Thuns). Kühles Verhalten von beiden Seiten. Mir ist oft, als ob
729 943 2560 1050 jede Brücke zu ihm seelisch abgebrochen wäre.
739 1055 3579 1192 Um 8 Uhr Abend rief A. mich an, ob er wegen des Radio (Dohnani-Konsert)
756 1180 3313 1337 zu mir herüberkommen kann. Ich sagte natürlich, dass es mich sehr
769 1320 3322 1431 freuen wird. Er brachte sein Nachtmahl mit herüber. Dohnanyi und
743 1441 3436 1561 Gattin sind nämlich morgen zu Tisch bei ihm. Ich fand A. elend aus-
714 1582 3439 1726 sehend und mache mir doch schreckliche Sorgen, wenn ich es mir auch
723 1726 3273 1837 nicht recht zugestehen will. Er ist sicher seit Berlin in einer
722 1847 3304 1952 schlechten physischen Verfassung nund niemand tut etwas dagegen.
735 1997 3317 2127 Diese ganze Familie S. ist das Kälteste, was xxx man sich denken
729 2115 3358 2232 kann. Wenn ich den Dr.D. nicht immer antreiben würde, geschehe nie
707 2261 3214 2386 etwas für A. Habe auch heute Nachmittag mit Dr.D. gesprochen.
717 2367 3478 2493 9.12. y Die ganze Nacht nicht geschlafen, weil mein Schlafmittel aus-
722 2493 2674 2663 gegangen ist und ich mir so viel Gedanken mache.
715 2632 3429 2781 Vormittag Stadt. Den geschmacklosen Byck begeget, der über die Gasse
709 2777 3346 2901 hinüber "Clärchen" brüllte. Abend allein,A. bei Schmiedl geladen.
706 2893 2980 3036 10.12. Gesangsstunde, aber ich bin jetzt nie in Stimmung.
709 3005 3312 3120 A. war bei Dr. D. rief mich nachher an. Das Herz "angeblich" ganz
703 3150 3468 3280 in Ordnung. Keinerlei Mittel, nur weniger Flüssigkeiten. Ich bin doch
748 3295 3431 3424 nicht beruhigt. Am Abend im Kino mit A. "Geschlecht in Not". Guter
706 3415 3325 3561 Film, dann Sternwartestrasse. A. elend ausgesehen. Ich lasse mich
712 3537 2467 3667 nicht nachhause begleiten, weil es schüttet.
711 3652 3458 3793 11.12. Heute Dr.D. angerufen, um die Wahrheit zu hören. Er sagte nur,
708 3824 3419 3971 dass A. nicht gesund sei, Herzmuskel. Er konnte nicht mehr sprechen,
724 3946 3414 4079 weil er ärztlich zu tun hatte, aber er müsse mir mehr darüber sagen.
707 4074 3455 4244 Ich bin seither wie vernichtet. Ich habe es ja immer geshnt, gefühlt,
690 4216 3591 4348 aber warum hat D. immer bestritten? Warum geschieht nie etwas? für ihn?
3543 109 3705 272 127
