3787 4703
1990 231 3316 431 Hohenschwangau, 18.8.1928.Morgen.
657 491 3412 609 Mein Liebes, die Reise ist gut verlaufen; ein München habe ich nichts
686 617 3356 750 anderes getan als nach Frühstück im Rheinischen Hof, mit Heini zwei
681 757 3491 888 Stunden allein in den Strassen umhergelaufen. Im 1 ging der Zug nach
674 880 3442 1035 Für Füssen, wir kamen bei Regen an, bei Regen auch in Hohenschwangau; -
679 1008 3518 1120 das Hotel wie ichs in Erinnerung hatte; -mir ist als hätt ich eine gute
717 1128 3528 1297 Wahl getroffen; -Behaglichkeit ohne jeden Luxus; -die Landschaft,-heute
677 1254 3488 1412 ists kühl und sonnig, besonders schön.-Die Nacht tief geschlafen. Von -
674 1354 3369 1542 9½ bis 5, mit peinlichem Kopfweherwacht; noch bis 7 geduselt.- Mein
712 1524 3407 1640 definitive Zimmer bekomm ich erst Mittag, mit Bad, auch dieses provi-
680 1671 3400 1801 s-orisch und schönem Blick, höher als dieses, in dem ich eben gefrüh-
716 1817 3442 1956 stückt habe. Direction und Personal sympathisch, Publikum belanglos.
672 1919 2679 2054 Natürlich absolut keine Bekannten oder Landamann.
676 2045 3424 2203 Heute werde ich wohl Vormittag nach Füssen spazieren; es ist mir ein
657 2205 3475 2325 guter Gedanke, dass Du vor Jahren ein paar Wochen dort gewohnt
723 2301 3562 2422 hast. Ich hoffe Du atmest am Semmering ein wenig auf, - für Dich und für
654 2455 2647 2614 mich. Weiter will ich heut nichts von mir sagen.
677 2571 2281 2733 Ich umarme Dich von ganzem Herzen. Dein
2236 2684 2320 2831 A.
1877 2818 2034 2964 --
3453 104 3542 231 14
3561 130 3663 326 12
