3771 4658
1967 323 2695 483 Berlin, 14.11.1930
647 555 3296 699 Liebstes, heute Mittag erst Dein erster Brief, für den ich in viel-
619 661 3214 806 facher Hinsicht zu danken habe. Deine Bemerkungen zu der Novelle
612 802 3377 928 sind alle sehr beherzigenswort und ich werde so ziemlich alle beher-
607 948 3347 1070 zigen resp. begeistigen. Auch der Titel "Flucht in die Nacht" dürfte
613 1053 3345 1201 der beste sein. Ueber die Diagnose werden wir noch sprechen. Gewiss
608 1195 3333 1318 ist die Komödianterei ein wesentliches Element in Roberts Seelenzu-
600 1313 3408 1456 stand, aber die Zwangsläufigkeit der Gedanken eine zweifellos patholo-
602 1451 3338 1639 gisches Element, das zur wirklichen Geisteskrankheit wird, sobald die
608 1565 2010 1699 Fähigkeit oder Korrektur wegfällt.
602 1694 3421 1824 Im Übrigen aber habe ich mit Wiegler gesprochen (der mit mir gegessen
588 1819 3227 2012 hat), der die Novelle eben las (Krell hat sie ihm übergeben); sie
1530 1940 1987 2020 begutachtet
598 1992 3324 2122 wird als sehr spannend und ich denke, dass eines der Ull-
608 2120 3485 2293 steinblätter sie bringen wird (was ein relativ hohes Honorar bedeutet).
596 2235 3319 2386 Als Buch aber lass ich sie jedesfalls bei S.F. erscheinen. Hingegen
592 2367 3484 2500 unangenehme Telegrammeaus Amerika. Das Raubgesindel ist an der Arbeit-
607 2505 3408 2624 die Tonfilmrechte Anatol sind scheints bereits vergeben - ich weiss
587 2639 3284 2783 noch nicht auf welchem Weg und ich werde zu tun haben, um mir einen
626 2752 3405 2893 Anteil zu sichern. Selber dort sein - das wäre die Läsung, aber ich
583 2869 3435 3039 kann nicht daran denken (obwohl mein Befinden jetzt sehr gut ist). Ich
589 3027 3434 3174 erwarte eben Schröder (wegen Liebelei Tonfilm). Auch die gestrige Kon-
587 3174 3433 3326 ferenz mit Dr. Mohrenwitz (für Amerika: Casanova oder Kakadu) vielleicht
587 3307 3353 3440 nicht ganz aussichtslos. (Wenn ich die Leute immer persönlich in der
589 3394 1101 3527 Hand hätte).
569 3561 3501 3664 Gestern Abend bei Michaelis mit Neini Ruth, Frau Lossen und Fischers (der
578 3670 3500 3843 nicht wagt die Vorrede von Schinnerer zu drucken, aber am Reigen (vorläu-
576 3767 1775 3939 fig) festhält. Werden sehen.
584 3928 3383 4107 Vorgestern Heini als Fürst im Bürger Schippel, vorzüglich. Die Wohnung
581 4044 3242 4236 ist noch nicht beziehbar, vielleicht ein paar Tage Hotel notwendig.
3518 126 3660 327 117
