<?xml version="1.0" encoding="UTF-8" standalone="yes"?>
<PcGts xmlns="http://schema.primaresearch.org/PAGE/gts/pagecontent/2013-07-15" xmlns:xsi="http://www.w3.org/2001/XMLSchema-instance" xsi:schemaLocation="http://schema.primaresearch.org/PAGE/gts/pagecontent/2013-07-15 http://schema.primaresearch.org/PAGE/gts/pagecontent/2013-07-15/pagecontent.xsd">
    <Metadata>
        <Creator>prov=READ-COOP:name=TrHtr:version=0.0.6:model_id=44522:date=25_11_2022_11:53</Creator>
        <Created>2022-11-17T16:35:58.682+01:00</Created>
        <LastChange>2022-11-25T11:53:09.989Z</LastChange>
        <TranskribusMetadata docId="1233893" pageId="50264160" pageNr="646" tsid="105032647" status="IN_PROGRESS" userId="40391" imgUrl="https://files.transkribus.eu/Get?id=GHJVWOYXJGTSJAAQCMSQTKYW&amp;fileType=view" xmlUrl="https://files.transkribus.eu/Get?id=JNMPSSPUQPBNCEWRQCNXUCGI" imageId="41050798"/>
    </Metadata>
    <Page imageFilename="HIN-155550_0646.tif" imageWidth="3840" imageHeight="4686">
        <ReadingOrder>
            <OrderedGroup id="ro_1670241786791" caption="Regions reading order">
                <RegionRefIndexed index="0" regionRef="r1"/>
            </OrderedGroup>
        </ReadingOrder>
        <TextRegion id="r1" custom="readingOrder {index:0;}">
            <Coords points="477,364 477,4273 3576,4273 3576,364"/>
            <TextLine id="r1l1" custom="readingOrder {index:0;}">
                <Coords points="521,471 548,475 575,456 590,471 656,464 694,491 713,471 736,475 736,330 713,326 671,356 633,349 610,356 587,337 564,353 521,356"/>
                <Baseline points="542,429 567,432 592,433 617,434 642,434 667,434 692,432 717,428"/>
                <TextEquiv>
                    <Unicode>1929</Unicode>
                </TextEquiv>
            </TextLine>
            <TextLine id="r1l2" custom="readingOrder {index:1;}">
                <Coords points="526,605 3141,569 3105,458 2488,436 2209,515 525,490"/>
                <Baseline points="546,564 674,563 803,563 932,563 1061,561 1190,561 1319,560 1447,559 1576,558 1705,557 1834,557 1963,555 2092,554 2221,553 2349,552 2478,551 2607,549 2736,548 2865,546 2994,545 3123,543"/>
                <TextEquiv>
                    <Unicode>sich natürlich nicht wegen der O. Und ich spüre das alles und er</Unicode>
                </TextEquiv>
            </TextLine>
            <TextLine id="r1l3" custom="readingOrder {index:2;}">
                <Coords points="491,706 679,709 756,759 955,685 1611,742 1710,723 1710,650 1284,598 947,650 759,594 490,626"/>
                <Baseline points="509,695 568,695 627,695 686,695 745,695 804,695 863,693 922,693 981,693 1040,693 1100,692 1159,692 1218,692 1277,690 1336,690 1395,690 1454,690 1513,690 1572,690 1631,690 1691,690"/>
                <TextEquiv>
                    <Unicode>wütend, dass es mich verstimmt.</Unicode>
                </TextEquiv>
            </TextLine>
            <TextLine id="r1l4" custom="readingOrder {index:3;}">
                <Coords points="481,840 3410,861 3409,761 3244,716 480,771"/>
                <Baseline points="500,825 644,825 788,824 933,824 1077,822 1222,822 1366,822 1511,821 1655,821 1800,819 1944,818 2088,818 2233,816 2377,816 2522,815 2666,813 2811,812 2955,810 3100,810 3244,809 3389,807"/>
                <TextEquiv>
                    <Unicode>24.2. Gestern Abend noch im Kino mit A. Etwas gemütlicher, wenn auch ohne</Unicode>
                </TextEquiv>
            </TextLine>
            <TextLine id="r1l5" custom="readingOrder {index:4;}">
                <Coords points="525,997 3251,983 3469,862 525,893"/>
                <Baseline points="545,959 690,957 835,956 980,954 1126,954 1271,953 1416,953 1561,951 1707,950 1852,950 1997,948 2142,947 2288,947 2433,945 2578,944 2723,942 2869,941 3014,939 3159,938 3304,936 3450,933"/>
                <TextEquiv>
                    <Unicode>jede Zärtlichkeit. Heute Vormittag war ich beim Eisstoss auf der Reichs-</Unicode>
                </TextEquiv>
            </TextLine>
            <TextLine id="r1l6" custom="readingOrder {index:5;}">
                <Coords points="535,1113 3322,1101 3287,994 535,994"/>
                <Baseline points="554,1085 691,1085 829,1085 966,1085 1104,1083 1241,1083 1379,1083 1516,1082 1654,1082 1791,1080 1929,1080 2067,1079 2204,1079 2342,1077 2479,1076 2617,1076 2754,1074 2892,1073 3029,1073 3167,1071 3305,1070"/>
                <TextEquiv>
                    <Unicode>brücke mit ihm, dann in der Hauptallee. Eisiger Wind. Wann wird dieser</Unicode>
                </TextEquiv>
            </TextLine>
            <TextLine id="r1l7" custom="readingOrder {index:6;}">
                <Coords points="457,1255 3152,1249 3435,1220 3435,1105 456,1155"/>
                <Baseline points="477,1215 631,1215 786,1217 941,1217 1095,1217 1250,1215 1405,1215 1559,1214 1714,1212 1869,1211 2023,1209 2178,1208 2333,1206 2487,1205 2642,1204 2797,1203 2951,1202 3106,1202 3261,1202 3416,1202"/>
                <TextEquiv>
                    <Unicode>Winter ein Ende nehmen? Am Abend soll ich zu ihm. Ich fürchte mich. Eine</Unicode>
                </TextEquiv>
            </TextLine>
            <TextLine id="r1l8" custom="readingOrder {index:7;}">
                <Coords points="518,1358 3428,1394 3427,1264 3255,1230 518,1289"/>
                <Baseline points="536,1347 679,1347 823,1347 966,1347 1110,1346 1254,1346 1397,1346 1541,1346 1684,1344 1828,1344 1972,1343 2115,1343 2259,1341 2402,1341 2546,1340 2690,1338 2833,1337 2977,1335 3120,1332 3264,1331 3408,1328"/>
                <TextEquiv>
                    <Unicode>Aussprache wird sich nicht umgehen lassen und wenn, dann ist es eine Ver-</Unicode>
                </TextEquiv>
            </TextLine>
            <TextLine id="r1l9" custom="readingOrder {index:8;}">
                <Coords points="492,1518 542,1525 576,1510 626,1525 687,1506 710,1525 772,1495 829,1487 898,1502 937,1487 937,1414 875,1429 806,1410 772,1429 707,1395 687,1410 641,1395 553,1433 515,1395 492,1399"/>
                <Baseline points="513,1479 538,1479 563,1479 588,1479 614,1479 639,1480 664,1481 690,1481 715,1481 740,1481 766,1479 791,1479 816,1479 842,1479 867,1479 892,1479 918,1479"/>
                <TextEquiv>
                    <Unicode>logenheit.</Unicode>
                </TextEquiv>
            </TextLine>
            <TextLine id="r1l10" custom="readingOrder {index:9;}">
                <Coords points="491,1657 3596,1639 3595,1528 3131,1489 490,1519"/>
                <Baseline points="510,1611 663,1610 816,1610 969,1608 1123,1608 1276,1607 1429,1607 1583,1605 1736,1604 1889,1602 2043,1601 2196,1601 2349,1599 2502,1598 2656,1596 2809,1596 2962,1595 3116,1593 3269,1593 3422,1592 3576,1592"/>
                <TextEquiv>
                    <Unicode>25.2. Gestriger Abend belanglos. Gespräche über literarische Angelegenheiten</Unicode>
                </TextEquiv>
            </TextLine>
            <TextLine id="r1l11" custom="readingOrder {index:10;}">
                <Coords points="482,1783 3492,1766 3490,1597 481,1671"/>
                <Baseline points="501,1743 649,1743 798,1742 946,1742 1095,1740 1244,1740 1392,1739 1541,1737 1690,1737 1838,1736 1987,1734 2136,1734 2284,1733 2433,1731 2582,1730 2730,1728 2879,1727 3028,1724 3176,1722 3325,1721 3474,1718"/>
                <TextEquiv>
                    <Unicode>Deprimiert nachhause. Nachmittag Diktat mit Frieda. Novelle "Kammerdiener"</Unicode>
                </TextEquiv>
            </TextLine>
            <TextLine id="r1l12" custom="readingOrder {index:11;}">
                <Coords points="467,1895 3504,1908 3330,1771 467,1811"/>
                <Baseline points="486,1875 636,1874 786,1873 936,1872 1086,1871 1236,1869 1386,1869 1536,1868 1686,1868 1836,1868 1986,1866 2136,1866 2286,1865 2436,1865 2586,1863 2736,1863 2886,1862 3036,1860 3186,1859 3336,1856 3486,1854"/>
                <TextEquiv>
                    <Unicode>in "Die Tochter des Hauses" ungetauft. Abend Kino mit A.Er fasst im Dunkeln</Unicode>
                </TextEquiv>
            </TextLine>
            <TextLine id="r1l13" custom="readingOrder {index:12;}">
                <Coords points="535,2068 1102,2011 1225,2065 1420,2006 1888,2062 1888,1943 1516,1948 1427,1895 1332,1945 1220,1907 1010,1958 534,1953"/>
                <Baseline points="555,2006 620,2005 686,2004 752,2004 817,2004 883,2003 949,2003 1014,2003 1080,2003 1146,2002 1212,2001 1277,2001 1343,2001 1409,2001 1474,2001 1540,2000 1606,2000 1671,2000 1737,2000 1803,2000 1869,1998"/>
                <TextEquiv>
                    <Unicode>nach meiner Hand. Bessere Abend.</Unicode>
                </TextEquiv>
            </TextLine>
            <TextLine id="r1l14" custom="readingOrder {index:13;}">
                <Coords points="511,2167 3444,2123 3136,2014 510,2056"/>
                <Baseline points="528,2135 672,2135 817,2133 962,2133 1107,2133 1251,2133 1396,2132 1541,2132 1686,2130 1830,2129 1975,2129 2120,2127 2265,2126 2409,2126 2554,2124 2699,2123 2844,2123 2988,2121 3133,2121 3278,2120 3423,2120"/>
                <TextEquiv>
                    <Unicode>26.2. Mittag bei A. Ruhige Auseinandersetzung. Er wird sich- und ich mich</Unicode>
                </TextEquiv>
            </TextLine>
            <TextLine id="r1l15" custom="readingOrder {index:14;}">
                <Coords points="546,2287 2348,2295 2462,2206 1719,2213 1622,2156 1040,2220 545,2160"/>
                <Baseline points="563,2265 657,2265 751,2265 845,2265 939,2265 1033,2265 1127,2264 1221,2264 1315,2264 1409,2264 1503,2264 1597,2262 1691,2262 1785,2262 1879,2261 1973,2261 2067,2261 2161,2259 2255,2259 2349,2259 2444,2258"/>
                <TextEquiv>
                    <Unicode>nicht ändern. Heute Abend allein. Cyzars bei A.</Unicode>
                </TextEquiv>
            </TextLine>
            <TextLine id="r1l16" custom="readingOrder {index:15;}">
                <Coords points="505,2435 3477,2417 3476,2298 1593,2275 1187,2358 505,2282"/>
                <Baseline points="525,2397 671,2397 818,2397 964,2396 1111,2396 1257,2394 1404,2394 1550,2393 1697,2392 1843,2391 1990,2390 2137,2389 2283,2388 2430,2387 2576,2387 2723,2385 2869,2384 3016,2384 3162,2382 3309,2382 3456,2381"/>
                <TextEquiv>
                    <Unicode>27.2. Nahezu den ganzen Tag diktiert. Erst Abend eine halbe Stunde an die</Unicode>
                </TextEquiv>
            </TextLine>
            <TextLine id="r1l17" custom="readingOrder {index:16;}">
                <Coords points="487,2585 2338,2513 3182,2584 3354,2437 486,2455"/>
                <Baseline points="504,2526 645,2525 787,2525 928,2525 1070,2525 1212,2523 1353,2523 1495,2523 1636,2522 1778,2522 1920,2520 2061,2520 2203,2519 2344,2519 2486,2517 2628,2516 2769,2514 2911,2513 3052,2511 3194,2510 3336,2508"/>
                <TextEquiv>
                    <Unicode>Luft. Sehr lieber Anruf Pouthons. Prof. Strnad bei A. zum Nachtmahl, Be-</Unicode>
                </TextEquiv>
            </TextLine>
            <TextLine id="r1l18" custom="readingOrder {index:17;}">
                <Coords points="512,2688 3422,2712 3421,2570 3202,2552 511,2573"/>
                <Baseline points="531,2660 674,2658 818,2658 961,2657 1105,2655 1248,2655 1392,2654 1535,2652 1679,2652 1822,2651 1966,2649 2109,2649 2253,2648 2396,2648 2540,2646 2683,2646 2827,2645 2970,2643 3114,2643 3257,2642 3401,2642"/>
                <TextEquiv>
                    <Unicode>sprechung "Else" und Berliner Reise - - Ich bin in trister Stimmung, habe</Unicode>
                </TextEquiv>
            </TextLine>
            <TextLine id="r1l19" custom="readingOrder {index:18;}">
                <Coords points="505,2818 3430,2807 3219,2697 505,2726"/>
                <Baseline points="525,2789 669,2790 813,2790 957,2790 1102,2790 1246,2790 1390,2790 1535,2789 1679,2787 1823,2786 1968,2784 2112,2783 2256,2783 2400,2781 2545,2780 2689,2778 2833,2777 2978,2777 3122,2775 3266,2775 3411,2775"/>
                <TextEquiv>
                    <Unicode>so ein schlechtes Gefühl, als ob mir etwas Böses bevorstünde. Gedanken an</Unicode>
                </TextEquiv>
            </TextLine>
            <TextLine id="r1l20" custom="readingOrder {index:19;}">
                <Coords points="471,2942 502,2946 552,2924 586,2943 670,2928 709,2951 758,2944 793,2963 816,2944 850,2944 851,2875 801,2879 763,2844 740,2859 694,2844 674,2859 659,2847 636,2859 575,2859 563,2847 471,2858"/>
                <Baseline points="489,2921 515,2921 541,2921 567,2921 593,2921 620,2921 646,2921 672,2921 698,2921 725,2921 751,2921 777,2922 803,2922 830,2924"/>
                <TextEquiv>
                    <Unicode>d en Tod.</Unicode>
                </TextEquiv>
            </TextLine>
            <TextLine id="r1l21" custom="readingOrder {index:20;}">
                <Coords points="529,3121 3286,3085 3339,2981 528,2949"/>
                <Baseline points="549,3050 687,3050 826,3050 964,3050 1103,3048 1242,3048 1380,3047 1519,3047 1657,3045 1796,3045 1935,3044 2073,3042 2212,3042 2350,3041 2489,3039 2628,3039 2766,3038 2905,3036 3043,3036 3182,3036 3321,3035"/>
                <TextEquiv>
                    <Unicode>28.2. Stimmung weiter gedrückt, Befinden physisch und psychisch elend.</Unicode>
                </TextEquiv>
            </TextLine>
            <TextLine id="r1l22" custom="readingOrder {index:21;}">
                <Coords points="488,3202 3475,3229 3520,3099 487,3129"/>
                <Baseline points="507,3182 656,3182 806,3182 956,3182 1105,3180 1255,3180 1405,3179 1554,3177 1704,3176 1854,3176 2004,3174 2153,3173 2303,3171 2453,3170 2602,3170 2752,3168 2902,3168 3051,3167 3201,3167 3351,3167 3501,3168"/>
                <TextEquiv>
                    <Unicode>Neuerlicher Schneefall, 8b Grad unter Null. Morgen der 1. März. Abend bei A.,</Unicode>
                </TextEquiv>
            </TextLine>
            <TextLine id="r1l23" custom="readingOrder {index:22;}">
                <Coords points="500,3336 2900,3314 2784,3211 499,3225"/>
                <Baseline points="519,3315 637,3314 755,3314 873,3312 991,3312 1109,3312 1227,3311 1345,3311 1463,3309 1581,3309 1699,3309 1817,3308 1935,3308 2053,3306 2171,3306 2289,3305 2407,3303 2525,3303 2643,3302 2761,3300 2879,3299"/>
                <TextEquiv>
                    <Unicode>Beide sehr nervös, trotz Zärtlichkeiten. Kein gutes Stadium.</Unicode>
                </TextEquiv>
            </TextLine>
            <TextLine id="r1l24" custom="readingOrder {index:23;}">
                <Coords points="482,3473 3289,3472 3357,3380 481,3366"/>
                <Baseline points="501,3447 642,3447 784,3446 926,3446 1068,3444 1210,3444 1352,3443 1494,3441 1636,3441 1778,3440 1920,3438 2061,3437 2203,3435 2345,3434 2487,3434 2629,3432 2771,3431 2913,3428 3055,3426 3197,3425 3339,3423"/>
                <TextEquiv>
                    <Unicode>1. März. Früh 9 Grad unter Null. Spaziergang mit A. Trotz Kälte bessere</Unicode>
                </TextEquiv>
            </TextLine>
            <TextLine id="r1l25" custom="readingOrder {index:24;}">
                <Coords points="533,3614 3424,3586 3300,3472 532,3495"/>
                <Baseline points="552,3579 694,3578 837,3578 979,3576 1122,3575 1265,3573 1407,3572 1550,3571 1693,3570 1835,3569 1978,3567 2121,3566 2263,3564 2406,3563 2549,3561 2691,3560 2834,3558 2977,3557 3119,3555 3262,3554 3405,3552"/>
                <TextEquiv>
                    <Unicode>Laune. Habe ihn bis zu seinem Friseur begleitet. Nachmittag Pouthon bei</Unicode>
                </TextEquiv>
            </TextLine>
            <TextLine id="r1l26" custom="readingOrder {index:25;}">
                <Coords points="542,3721 3360,3706 3359,3625 3044,3597 541,3629"/>
                <Baseline points="561,3710 699,3710 838,3708 977,3708 1116,3707 1255,3705 1394,3704 1533,3704 1672,3702 1811,3701 1950,3699 2088,3698 2227,3696 2366,3695 2505,3693 2644,3692 2783,3690 2922,3689 3061,3687 3200,3686 3339,3684"/>
                <TextEquiv>
                    <Unicode>mir. Wärme, Heiterkeit, Herzlichkeit. Er trägt Dienstag meine Novelle zu</Unicode>
                </TextEquiv>
            </TextLine>
            <TextLine id="r1l27" custom="readingOrder {index:26;}">
                <Coords points="480,3864 3390,3834 3324,3747 479,3764"/>
                <Baseline points="497,3842 640,3842 784,3842 928,3840 1072,3840 1215,3839 1359,3838 1503,3837 1647,3836 1790,3834 1934,3833 2078,3831 2222,3830 2365,3828 2509,3827 2653,3824 2797,3822 2940,3821 3084,3818 3228,3816 3372,3813"/>
                <TextEquiv>
                    <Unicode>S zolnay. Ich heisse Clemens Pidoll. A. schickt sie morgen unter demsel-</Unicode>
                </TextEquiv>
            </TextLine>
            <TextLine id="r1l28" custom="readingOrder {index:27;}">
                <Coords points="545,3987 3033,3990 3420,3972 3420,3891 544,3887"/>
                <Baseline points="564,3974 705,3972 847,3971 989,3969 1131,3968 1273,3968 1415,3966 1557,3966 1699,3965 1841,3965 1983,3963 2124,3963 2266,3962 2408,3960 2550,3960 2692,3958 2834,3957 2976,3954 3118,3953 3260,3950 3402,3947"/>
                <TextEquiv>
                    <Unicode>ben Namen an Wiegler (Ullstein). Bin neugierig, was dabei herauskommt</Unicode>
                </TextEquiv>
            </TextLine>
            <TextLine id="r1l29" custom="readingOrder {index:28;}">
                <Coords points="556,4137 2208,4111 2207,4038 2081,3997 965,4058 769,3986 555,4041"/>
                <Baseline points="576,4103 656,4103 737,4103 818,4101 898,4101 979,4101 1060,4100 1140,4100 1221,4098 1302,4098 1383,4097 1463,4097 1544,4095 1625,4095 1705,4095 1786,4095 1867,4094 1947,4094 2028,4094 2109,4095 2190,4095"/>
                <TextEquiv>
                    <Unicode>und ob ich endlich Geld verdienen werde.</Unicode>
                </TextEquiv>
            </TextLine>
            <TextLine id="r1l30" custom="readingOrder {index:29;}">
                <Coords points="539,4260 3518,4235 3348,4106 539,4164"/>
                <Baseline points="558,4241 705,4241 852,4239 999,4239 1146,4239 1293,4238 1440,4238 1587,4236 1734,4236 1881,4235 2028,4233 2175,4233 2322,4232 2469,4230 2616,4229 2763,4227 2910,4226 3057,4225 3204,4224 3351,4223 3498,4221"/>
                <TextEquiv>
                    <Unicode>2.3. 10 Grad unter Null. Hochzeitstag meiner Eltern. Abend allein. Triste</Unicode>
                </TextEquiv>
            </TextLine>
            <TextEquiv>
                <Unicode>




























</Unicode>
            </TextEquiv>
        </TextRegion>
    </Page>
</PcGts>
