3742 3784
3024 82 3636 250 19 Sept. 50
181 179 333 398 I.
2223 63 2887 185 17 September
1912 156 3249 281 Freitag, 14. Oktober 1923. Wien.
325 129 1646 292 Nathunserer Gemeinsamme
1952 241 2972 361 (nach Bregenz a. Bodensee)
310 238 1166 382 Reize in die Schach¬
629 348 3313 508 Guten Morgen, Liebster! Ich begrüsse Dich mit vielen guten Gedanken
588 461 1554 614 und aller Herzlichkeit.
621 582 3356 726 Ich habe mich hier sehr schwer zurecht gefunden, viel Aerger und Un-
582 752 3218 842 annehmlichkeiten - und die Sonne,die hier scheint, ist auch nicht
588 874 3149 1042 dieselbe Sonne.- Ich fahre Samstag erst mit dem Mittagszug nach
583 1006 3240 1129 Scheibs zu Carly und bin Montag Mittag zurück. Solltest Du morgen
582 1130 3307 1229 Früh eintreffen, dann rufst Du mich wohl vor meiner Abreise noch an,
625 1270 3388 1389 denn sehen werden wir uns wohl erst Montag Abend. Ich erwarte diesen
576 1416 3230 1560 Abend mit einiger Ungeduld. Hoffentlich bringst Du nicht zu viele
582 1511 3154 1670 Sorgen mit. Ich wünschte, ich könnte sie alle verscheuchen! Dank
574 1631 2928 1787 für Delne lieben Zeilen vom 7. und 11. und auf Wiedersehen.
1365 1781 1611 1898 Deine
1615 1903 2295 2070 Clara Katharina.
1626 2028 1908 2166 ------
1547 2071 3408 2313 in die Steinmarkots. adressent
