3771 4723
681 302 1417 459 Forts. v. 7.2.1931.
734 501 3318 622 sind. -Voriges Jahr war ich an diesem Tag in seinem Schlafzimmer-
695 668 3559 796 als Geliebte - heute soll ich, wenn ich Lust habe, zum Nachtmahl hinüber-
684 772 3406 923 kommen, weil Frieda zum Diktat drüben ist. Nein, -ich habe keine Lust.
663 909 3517 1078 8.2.1931. Er rief gestern um 9/4 Uhr an, warum ich nicht komme, er erwar-
694 1044 3448 1193 te mich doch. So ging ich also hinüber. Frieda war da und das Zusam-
730 1160 1657 1326 mensein daher harmlos.
685 1251 3411 1463 9.2.1931. Im Kino bei Danton und nachher Meisl. Schrecklicher Abend.
679 1423 3366 1591 Als ich aus meiner Erbitterung heraus über Dora Michaelis eine Be-
685 1557 3400 1689 merkung machte (über ihre seinerzeitige Intervention) strampelte er
691 1698 3381 1836 im Auto mit den Füssen vor Wut. Und doch, wäre sie nicht gewesen -
673 1821 3389 1973 Mittag Cary, Magdi. Dann ermattet am Diwan gelegen. Habe A. erklärt,
681 1960 2490 2066 dass ich abend zuhause bleibe. Ich bin müde.
677 2093 3367 2220 10.2.1931. An ein paar Aphorismen geschrieben. A. bat mich am Abend
678 2186 2720 2358 zu ihm zu kommen. Ich kann mich nicht mehr freuen.
665 2333 3334 2457 12.2.1931.Kostümprobe im Burgtheater (Gang zum Weiher). Unerhörte
662 2465 3391 2610 Schönheiten in diesem Stück, aber Peinlichkeiten, über die man schwer
675 2574 3429 2742 hinweg kommt. Sprach Wildgans und war bei Wohlgemut in der Garderobe,
679 2741 3359 2865 da ich an einem ihrer Kleider etwas auszusetzen fand. Sie ist eine
682 2854 3277 2989 liebe Person, Wirklich gut in ihren Rollen nur Hennings (Konrad).
679 2989 3366 3177 teilweime Johannsen (Leonilda), Wohlgemut (Anselma). Onno (Sylvester
678 3116 3411 3283 Thorn) kaum zu ertragen. Balser reizlos. (Aslan wär am Blatz).Heine
692 3253 1386 3409 (Sekretär) banal.
663 3399 3343 3539 Gestern Abend mit Frieda bei A. genachtmahlt, der recht heiter war.
729 3526 3412 3654 13.2.1931. Vormittag von A. abgeholt indie Generalprobe. Auch Anna
682 3654 3390 3782 kam hin. Ich fand die Aufführung heute besser als gestern, wenn auch
679 3784 3345 3922 noch viele auszusetzen wäre. Ich fürchte doch die morgige Première.
675 3912 3369 4033 Es ist viel verworren, viel peinlich und ob das Publikum die Gewalt
677 4050 3531 4196 der Sprache, die Schönheiten dieses Stückes als solches würdigen wird--
679 4173 3369 4284 Trotzdem ich A. riet heute zuhaus zurbleiben, will er mich ins Kino
712 4278 3484 4438 holen und nachher soupleren gehen. Wie soll man sich da in ihm aus-
3519 136 3669 311 151
