3726 4662
2105 285 2909 395 Celerina, 11.8.1924.
2193 386 2856 527 (nach Selisberg)
544 478 3557 629 Mein sehr Liebes; 9 Uhr morgens, - die Sonne glänzt in mein Zimmer herein;
588 646 3292 777 - und mein Blick geht über Wiese und Wald zum PitsLanguardgletscher
585 767 3311 925 hin. Luft und Landschaft beglückend; mein Befinden ist heute besser
577 877 3378 1049 als gestern - nervöser Schlaf, allzuviel Träume, Zähnepressen und dabei
615 1012 3398 1190 offenbar nicht unerhebliche Zahnschmerzen, die heute abgeklungen sind.
576 1149 3299 1271 (Leider habe ich meine zwei Zahnkappen nicht eingepackt, es war kein
567 1271 3420 1433 Platz im Hängekoffer). -Vorgestern eh ich mich auf die Wanderschaft be-
572 1409 3458 1578 gab, schrieb ich Dir zuletzt. Es war ein köstlicher Spaziergang, 3% Stun-
554 1518 3523 1681 den nach Sils Maria. Wie ich in die Hauptstrasse einbiege, Dora Michaelis;
555 1655 3482 1782 gleich darauf begegne ich Frau (Siegfried) Strakosch, - die in "Edelweiss"
549 1823 3417 1945 wohnen; - mit Dr.M., "Barblen "(2); Dora mit den drei Sohnen. Bank in
557 1945 3451 2093 der Sonne, köstliche Muskateller Trauber. Bald erscheint Heini mit einem
567 2083 3483 2205 photographischen Apparat - Geburtstagsgeschenk.Hin und her.- Der unwahr¬
570 2197 3356 2379 scheinlich blaue Silversee, in der Ferne nebelnd das Hotel von Maloja.
635 2315 3358 2472 Allerlei Begrüssungen (z.B. xxx vorjährigen Hammerschläge). -Mittag-
544 2470 3248 2609 essen in Barbleu mit Asti spumante! Die Obdachlosigkeit nach Tisch
563 2589 3394 2757 tat mir nicht gut; Dusel in der Halle: - dann in die Sonne.-Frau Dern-
554 2713 3434 2909 burg erscheint, die Dame, bei der Heini in Berlin wohnen wird (nicht des-
542 2851 3395 3012 halb ist sie nach Sils Maria gereist); es wird allerlei besprochen. Um
562 2940 3464 3146 6 im Postauto mit Heini nach St. Moritz; von dort zu Fuss nach Celerina;
539 3129 3387 3287 - Heini weiter nach Zuoz.- Ich nehme die Traunnovelle vor; und wie im-
572 3257 3429 3428 mer gehe ich erst in den Speisesaal, wenn alle andern fort sind,- setze
544 3382 2896 3539 mich dann noch in das Schreibzimmer, wo ich ungestört lese.
530 3493 3458 3652 Am gestrigen Vormittag Spaziergang St. Moritz; mässige Manikür (mit Joczi
552 3648 3339 3819 nicht in einem Atem zu nennen). -Zurück; - "Weiher" vorgenommen. Nach 12
534 3769 3460 3937 kommen Michaelis an, auf der Durchreise nachhause: - sie speisen bei mir;
535 3915 3320 4072 zum Kaffee kommen die Kinder mit 0. aus Zuoz.-M.'s reisen ab; ein auf
556 4034 3331 4216 Lili bezügliches Erziehungsgespräch ( - Ersatz für Wucki; -Ausbildung
532 4155 3306 4312 in Sprachen; - Staatsprüfung für Sprache - etc.), wird fortgesetzt. Um
531 4291 3366 4482 6 Uhr Abreise der Zuozer. Ich promenieren Samaden und zurück; - befinde
