3771 4723
706 320 1474 534 Forts.v. 18.2.1931.
652 532 2860 713 Konversation und Kälte. Heute Arbeit und allein zuhaus.
669 695 3385 845 19.2.Nachm.bei Beer-Hofmann. Corday durchgesprochen. Gute Ratschläge.
672 823 3313 955 Angenehmes Zusammensein mit lieben Menschen. Er und sie beide sehr
656 935 3379 1106 nett. Das Haus prachtvoll. Abend Vorlesung Wildganw.Gedichte kann man
666 1113 3439 1226 nur beim Selbstlesen beurteilen. Viele Bekannte. Frau Wohlgemut, Auern-
704 1207 3467 1371 heimer, Kuranda, Maria Mayer, die mich anjammert, dass sie nicht die An-
702 1351 1573 1487 selma spielen konnte.
661 1429 3263 1623 20.2.Mit A. im Kino, dann Deutsches Haus elend genachtmahlt. Film:
702 1611 3386 1706 nerr auf bestellung. Oed und ordinär. Der ganze Abend fast unerträg-
664 1724 3412 1850 lich. Nachher noch Pathophonmusik zugehört, um die Zeit tot zu schka-
656 1838 3440 1989 gen. Kein freundliches Wort von seinen Lippen und ich bin müde - münde.
657 1961 3506 2131 Sonntag geht er mit Familie Cl. zum Gang zum Weiher. Er hat vielleicht
658 2121 3483 2269 geglaubt, ich werde auf diese Mitteilung reagieren. Aber ich denke nicht
656 2256 2741 2411 daran. Mir ist alles wurst oder es ist Erschöpfung.
641 2393 3297 2549 21.2. Mittag Kinder. Ueber Carry geärgert, der seine Furunkel ver-
655 2494 3335 2671 schlampt und elend aus sieht. Dann bei Thun-Kohlgemut. Sie sind von
633 2659 3439 2783 der Corday begeistert, nur Bedenken, dass sie für die Rolle zu alt ist.
643 2792 3516 2934 Sie will aber doch mit Wildganz sprechen. Hin und zurück in ihrem Auto.
637 2918 2468 3050 Beide ausserordentlich sympathische Menschen.
650 3032 3451 3195 22.2.Sonntag.Mittag auf seinen Wunsch bei A. Literarische conversation
653 3157 3229 3312 (Corday etc.) A. scheint die Entfremdung unangenehm zu empfinden,
639 3301 3266 3439 will mich beim Fortgehen auf die Augen küssen. Ich bin ablehnend.
644 3398 3515 3537 Ich bin nicht für sinnlose Gebärden. Entweder oder. Für diese programm -
635 3560 3538 3699 mäsige Freundschaft und launenhaften Annäherungen bin ich nicht mehr zu
626 3659 3422 3869 haben. Den ganzen Nachmittag und Abend allein zuhause gearbeitet.Aen-
638 3802 3429 3919 derungen im Sinn der Wohlgemut und Beer-Hofmanns. Ob ich etwas errei-
636 3938 2181 4091 che? Uebrigens heiser und wenig wohl.
618 4051 3376 4228 23.2. Heiser und wenig wohl und möchte doch diese Woche gesund sein.
605 4177 3419 4369 Mittwoch Pen-Klub-Abend für "Colette" und auch manches andere, was mir
3512 127 3675 311 153
