3755 4707
1967 350 2673 471 Luzern, 8.9.1926.
1990 447 2688 570 (nach Alt-Aussee)
684 580 3349 686 Mein Liebes, aus Italien noch immer keine Nachricht. Umso sicherer
709 659 3357 827 nehme ich an, dass man sich für weiteres Verweilen in Venedig ent-
701 836 3237 964 scheidet. Und ich denke von hier aus wohl am Sonntag nachhause
698 929 1150 1096 zu fahren.
699 1059 3445 1223 Die Fahrt auf den Rigi war schön; Aussicht hatte ich wenig; auf dem
695 1199 3339 1403 Scheideg (ich war nemlich sowohl auf dem Kulm als auf Scheidegg,
702 1349 3346 1447 sah, statt in den Zugersee, in ein Nebelmeer. Das Hotel auf dem
700 1494 3348 1637 Kulm, wo ich lunchte, sehr prächtig. (Ich glaube es stand schon, als
703 1613 3239 1746 ich vor 54 Jahren oben war und den ersten konnenaufgang meines
693 1711 2272 1863 Daseins erlebte. Seither nicht viele.-
688 1863 3343 2011 Abend war ich (natürlich) bei "Wien bleibt Wien". - Und Film bleibet
703 2011 3348 2140 Film. Und einer ist doch immer noch dümmer und verlogener als der
692 2131 3153 2257 andere. Nein, dort blüht mein Weizen nicht (wo aber denn? Ich
701 2273 2020 2381 glaub es hat sich ausgeweizt...)
2504 2254 3516 2450 (Spiel im Morgengränn)
705 2402 3417 2531 Den heutigen Tag widme ich dem Leutnant Kasda. Das Wetter ist trüb,
695 2531 1539 2657 unsicher und schwül.
692 2676 3262 2808 Ich xxx wünschte Du verlebst heitre Tage in Altaasse ohne die
699 2805 3385 2915 in der Schweiz zu vergessen. An Frl. Frieda bitte ich sehr herzli-
702 2923 3336 3045 che Grüsse zu bestellen; - Eile bedarf es keiner - wenn ich erst
699 3040 3337 3155 Mittwoch zu diktieren anfange ist es kein Malheur; die Leute kön-
694 3188 3352 3298 nen warten - auf meine Werke- und auf eine Briefe erst recht - an
696 3291 1965 3440 denen keiner Freude haben wird.
687 3423 2341 3594 Also auf sehr bald und sei innig umarmt.
1524 3556 1746 3680 Dein
1807 3617 1903 3808 A
1664 3839 1895 3941 - - — —
3459 109 3591 281 348
