3771 4718
2057 280 2926 439 6.12. 1927. Bl.2.
706 496 3413 628 Verlag, ein unwesentliches, unerquickliches Gespräch - er wird immer
703 624 3399 767 ängstlicher und schwankender.- Frage des Gesamtwerks in Einzelaus-
753 773 3382 881 gaben, -niedere Perzente; - weniger Vorausbezahlung; - Reigen etc.
725 881 3365 990 auch Maril zeigte erheblichen Mangel an Elan.- Allein im Hotel zu
721 999 3506 1125 Tisch - nachher erschien Heini; - Arnold Zwei g, Hans Jacob; - Telefoni-
723 1151 3511 1292 sches mit Mir jam Beer-Hofmann Stampes, Lantz, Gosewittsch, ein Filmmann,
721 1273 2810 1391 der morgen wegen Casanovas Heimfahrt zu mir kommt.-
717 1414 3343 1519 Abend will ich in ein Kino gehen ( einen Mayerschen Film ansehen)
704 1535 3397 1700 und treffe dann wieder mit Elisabeth Bergner und Czinner zusammen.
739 1664 3421 1781 Sies agte gestern: Nach dem Elise-Film werdensie überhaupt nur mehr
698 1787 3395 1929 mit Amerika abschliessen - was bekomm ich dafür. Dann ich: Darüber
715 1921 3287 2088 wird sich reden lassen, wenn Sie mir zu dem Verkauf des Elsefilm
711 2068 3301 2202 nach Amerika (der offenbar schon sicher ist) Perzente geben (im
709 2179 2272 2302 Spass gesagt und im Ernst gemeint) - -
700 2322 3495 2452 Mein Befinden, das in den ersten Tagen recht mässig war, ist nun recht
747 2464 3326 2585 gut, der Kopf oft etwas benommen, aber im wesentlichen bin ich so
714 2589 3456 2706 frisch, wie nur je. In meinen mitgebrachten Manuscripte habe ich
712 2704 3310 2842 noch keinen Blick getan, -Den Werfel les ich langsam weiter / Ich
760 2798 955 2883 freu
705 2831 3568 2973 mich auf Dich, die Arbeit und die relative Regelmässigkeit meiner
688 2977 3356 3122 Wiener Existenz. Am Sonntag Vormittag hoff ich daheim zu sein und
706 3104 3406 3256 Dich spätestens dem Abend des gleichen Tags in die Arme zu
709 3228 2596 3363 schliessen. Ich umarme Dich von ganzem Herzen.
1724 3371 1955 3515 Dein
1968 3488 2057 3643 A.
3568 118 3691 254 84
