3743 4714
2213 291 3015 444 28.7.1928 Bl. 2
621 508 3353 642 nicht geschehen... vielleicht in einem Jahr oder später...ein Trost?
571 626 3505 763 Fort ist sie - mit ihren 18 Jahren, aus der Welt - dieses himmlische ein-
583 793 3462 940 zige Wesen - nie, nie kommt sie wieder - - und aus dieser Tiefe der Ver-
616 918 1855 1057 zweiflung gibt es kein hinauf.
575 1026 3302 1154 Leb wohl leb wohl, kränke Du dich nicht zu sehr, auch um meinetwillen
1794 1129 2269 1223 Verständigt
588 1174 3449 1304 nicht - du, der du weiterlebst. Konkäufig hab ich nur Kolap, Julius, Gisa
621 1286 2353 1476 direct. An Kolap schreib ich noch genaues.
571 1448 1071 1594 Umarme Dich
1214 1526 1562 1711 Dein A.
1591 1681 1873 1817 - - - - —
3524 96 3664 283 133
