3686 4694
2029 315 3103 447 Schloss Neudorf bei Wildon
2019 402 2462 525 16.8.1927.
454 377 1397 515 An A.S. nach Campiglio.
558 628 972 831 Liebster,
931 760 3278 898 ich schreibe diese Zeilen in Erwartung der Morgenpost, die
453 906 3272 1067 gewöhnlich um 10 Uhr gebracht wird. Ich habe bisher nur Karte und Te-
435 1018 3269 1154 legramm und befinde mich daher über alles Weitere völlig im Unklaren.
940 1171 3317 1303 soviel ist sicher, dass ich, um nach Bozen zu fahren, mir ein
456 1279 3308 1432 Auto von hier nach Wildon nehmen muss, da ich sonst um 5 Uhr aufstehen,
460 1406 3311 1549 um 6 Uhr hier fortfahren müsste, um den einzigen Frühzug, der von Wildon
455 1541 3394 1695 nach Graz abgeht, zu erreichen. Dafür hätte ich dann zwei Stunden in Graz
464 1725 3315 1831 zu sitzen, was allein und in den Morgenstunden kein Vergnügen wäre. Ich
474 1845 3409 1962 kann auch nicht um 5 Uhr Früh das Schloss rebellisch machen, von den per-
470 1957 3220 2063 sönlichen Unannehmlichkeiten ganz abgesehen. Alfred hat erklärt, ich
467 2057 3312 2211 soll mir keine Sorgen machen, er werde mir jedesfalls ein Auto beschaf-
465 2202 670 2352 fen.
937 2340 3383 2486 Die vorgesträge Abendfahrt in dem schönen Korbwagen mit zwei
464 2465 3392 2596 schneeweissen Lipizanern bespannt, war sehr reizvoll, nur mussten wir frü-
465 2631 3367 2737 her umkehren, da der Puls des Mausherrn sich beschleunigte. Seither reg-
471 2728 3228 2861 net es und ich habe das Haus nicht mehr verlassen. Gestern Vormittag
461 2861 3269 2970 habe ich gelesen und dann lange in der Kapelle Orgel gespielt, was mir
472 2977 3244 3104 ein grosses Vergnügen machte. Nach Tisch wieder ausgiebig geschlafen
481 3110 3390 3274 bis mich der Gang zum Thee rief. Dann arrangierte ich Gesellschaftsspie-
471 3275 3199 3385 le zu Fünft, Sekretär-und Lexikon-Spiel. Und so verging die Zeit bis
468 3378 3312 3496 8 Uhr und ich konnte mich nur noch rasch zum Abendessen umkleiden. Es
468 3530 3269 3675 gab Krebse (Eigenbau), die ganz ausgezeichnet waren. Der weitere Abend
475 3675 3268 3803 war etwas schläfrig und ich war froh um 1/11 in mein Zimmer zu kommen.
479 3783 3279 3932 Nun will ich hinunterschauen, ob Brief für mich da ist und dann diesen
460 3910 3359 4045 hier fortsetzen. Ich bin auch neugierig, ob Du Filmnachrichten hast. Die
465 4010 2228 4165 Antwort hätte ja gestern eintreffen sollen.
937 4144 3208 4319 Wenn Du Fischer sprichst könntest Du erwähnen, dass mein
3476 129 3595 282 55
