3690 4687
2989 151 3104 390 9
2764 438 3132 604 10.5.26.
569 571 3400 717 nicht auf Berühmtheiten. Auf den Menschen, auf das Herz, das mir gehört,
568 720 3378 836 will ich stolz sein. Dafür sollst Du auch gar nichts von mir wissen -
565 848 3256 974 Du frägst nicht nach mir - also schweige ich. Umso besser, wenn ich
554 950 1442 1131 nicht antworten muss.
2509 1078 2767 1247 11.5.
925 1231 3269 1361 Wieder ein Brief aus Las Palmas, 20 Seiten. Aber war wären
550 1344 3371 1534 die 20 Seiten, wenn nicht die paar lieben guten Worte da wären, die von
564 1486 3403 1620 Liebe und Sehnsucht erfällt sind - erfüllt scheinen. - Einen Augenblick
559 1645 3369 1773 fühlte ich Dich ganz nah, so wie schon lange nicht. Sp, als ob ich Dei-
571 1755 3336 1896 nen Kopf zwischen meine Hände nehmen könnte - aber nur einen Augen-
565 1885 3333 2037 blick. Du hättest mich nicht so allein lassen sollen - nicht ao al-
556 2029 793 2165 lein.
909 2143 3306 2311 Diesen Brief wirst Du nie erhalten. All das schrieb ich ja
551 2286 3250 2407 nur mehr für mich, um mir über meine Gedanken und Empfindungen klar
556 2428 2238 2568 zu werden und bin mir doch nicht klar - -
975 2554 2406 2703 Heute kommst Du wohl in Berlin an.
585 2834 3238 3106 Diesen Brief hatte in A. spater einmal
573 3086 1787 3323 personlich gegeben
1875 3199 2808 3448 Claschak. F.H.A.C.gh
3435 119 3590 288 291
