3787 4667
2386 246 3141 499 12.9.29. Bl.2.
661 448 3458 645 ganz bewonders und aus mannigfachen Gründen von Conrad Veith ergrif-
2291 612 3423 799 décembre de l'Etat d'Agré de la F.S. de F.
656 765 3345 950 ersten Mal. Die Elisabeth ungleich besser als im "Fräulein Elise".
1486 871 3507 1074 Sie ist, denn auch nur in tatsächlich noch keinen Be-
691 1018 3498 1192 kannten hier gesehen - die Spazierwege sind fast schon ausgestorben -
676 1152 3451 1321 nur bei den Brunnen und abends beim Orchester drängt sich die Menge;
674 1279 3438 1450 auch einzelne Restaurants wird fast überfüllt. Das Wetter dauernd
683 1420 3549 1603 schön - morgens und abends recht kühl. Ich glaube wohl, dass Du trotz-
950 1542 3526 1704 Dieser Wählen würdigkeit gewesen, nicht nicht mehr wohl fühlen worden,
715 1673 3446 1856 und ich hoffe, dass uns ein gemeinsaner Aufenthalt mit oder ohne Kur
663 1790 3406 1963 hier im Frühjahr oder Herbst erblühen könnte. Das Hotel hast Du mir
676 1945 3510 2128 sehr gut geraten, es ist unpflanzig und confortabel; - das Essen ist an-
1131 2037 1525 2127 Tepelhaus
662 2079 3409 2251 derawo (im xxx xxx z.B.) beager. Zum Frühatück bin ich immer im
684 2216 3513 2351 Garten des K.,rhauses, - mit einem Fraid um die etwas frösteßnden Schul-
682 2323 978 2463 tern.-
713 2401 3428 2634 Jetzt, mein Liebes, fahr ich über Mittag nach Franzensbad - per Bahn
677 2615 3441 2768 hin und zurück. Drüben zu wohnen müsst in jedem Fall trübzelig sein;
691 2758 3487 2860 so wie ich es arrangiert habe ist es gewiss das Beste.-Für heute will
669 2823 3460 2937 ich Dich nur noch in aller Innigkeit an mein Herz drücken und schrei-
674 2864 1774 3025 be morgen wieder. Dein A.
1733 2991 2031 3148 .......
3550 98 3701 271 270
