2777 3362
1431 298 2297 444 9. VIII. 1916. Ischl.
670 644 2480 746 Bei gutem Wetter denke ich Sonntag nach dort
323 785 2388 901 zu kommen, möchte Mittag beim Seewirt essen und den
286 904 2396 997 Nachmittag bei Ihnen verbringen. Bitte antworten Sie
279 1041 2400 1146 mir postwendend, eventuell telegrafisch ob es Ihnen
288 1172 2218 1275 und Ihrer Frau passt. Ich bin nämlich mit meiner
269 1303 2332 1434 Schwester verabredet, die mit nach Aussee fährt um
286 1430 2445 1541 Frau von Sonnenthal zu besuchen. Ich möchte sie also
286 1582 2391 1684 rechtzeitig verständigen. Hoffentlich ist das Wetter
272 1704 1256 1798 dem Unternehmen günstig.
791 1830 2212 1944 Viele Grüsse für Sie und Ihre Frau
1357 2020 1562 2141 Ihre
1559 2142 2207 2283 Clara Pollaczek
