3686 4695
691 255 905 411 1928
694 530 2351 688 Kino mit A. "Wings", famoser Fliegerfilm.
693 671 3336 845 2.10. Im Heimatkino mit A. "Die Hose". Dann "Linde" genachtmahlt.
703 803 3444 950 3.10. Düstere Gedanken. Was soll aus mir werden? Jetzt 80 Schilling
695 959 1811 1116 Zinsen aus der Bank geholt.
711 1045 3378 1185 4.10. Mit dem alten Schwarzkopf zusammen bei A. Angenehmer Abend.
690 1204 3408 1349 5.10. Abschied bei A. mit unangenehmen Auseinandersetzungen verbun¬
703 1341 3326 1514 den. Er wohlte mir wieder Geld aufdrängen, aber ich weigerte mich,
701 1486 3334 1633 trotzdem ich nur noch 50 S. in der Tasche habe. Ich erklärte ihm,
704 1598 3408 1762 dass ich mir nicht von einem Mann helfen lassen kann, der nicht ganz
696 1726 3311 1852 zu mir gehört und betonte ausdrücklich, dass ich damit nicht viel¬
688 1858 3365 2034 leicht eine Ehe meinte, sondern eine illegitime Zugehörigkeit. Dass
684 1969 3313 2151 ich mir nicht etwas zumuten kann, was mich mit mir selbst in  Kon¬
689 2136 3325 2288 flikt bringen müsste. So lange mir durch sein Verhalten zu 0. im-
694 2265 3436 2423 mer wieder böse Stunden drohen, kann ich meine Existenz nicht auf ihn
690 2397 3357 2540 aufbauen. Er schrie: "Soll ich sie vielleicht umbringen?" Ich ant¬
694 2516 3360 2639 wortete sehr ruhig, dass ich ihr ein längeres Leben wünsche als mir
673 2650 3228 2840 und dass es mir höchst unangenehm wäre, wenn ihr etwas geschähe.
