3770 4694
1894 356 2967 549 Hohenschwangau, 28.8.1928.
580 553 3356 717 Liebstes, ich will chonikalisch die Geschichte der letzten zwei Tage
588 702 3316 850 nachtragen, an denen ich Dir nur Karten geschrieben habe. Am Sonntag
600 832 3420 992 ein allgemeiner Spaziergang über Marienbruck- Jugend nach Neuschwan-
625 979 3271 1087 stein, und zurück; - gleich nach Tisch am See; - nachher die übliche
580 1093 3353 1216 Müdigkeit; ein wenig gelesen, erst gegen Abend wieder ins Freie. Eine
591 1214 3345 1376 kleine Promenade der Ebene zu (siehst Du die Landschaft noch sehr vor
624 1354 3396 1485 Dir?) Gestern Montag im Auto auf den Fernpass, an Lermoos vorbei, wo im
585 1459 3350 1647 Jahre 1922 Lili mit Heini und O.; sowie in Gesellschaft von Marianne
583 1632 3437 1755 Pol. und Liesl gewohnt.- Ich war damals nicht dort gewesen. Sie kamen alle
593 1771 3313 1888 nach Berchtesgaden von dort. - Vom Fernpass aus über Ehrwald nach der
631 1866 3433 2035 Zugspitzbahn; Schwehebahn); - hinauf zur Spitze ; - (gegen
590 1986 3478 2141 3000 Meter glaub ich), vielmehr auf eine Art von kleinem Platoau; von da
594 2164 3385 2311 aus spazierten noch Heini, Ruth, Arnoldo angeseilt auf die beiden
593 2282 3428 2415 wirklichen Spitzen (keine schwere Sache); - auch Damen mit Halbschuhen,-
588 2427 3427 2530 ohne Seil kletterten hinauf.- Für mich wärses nichts gewesen, da der Weg
597 2541 3299 2715 immer auf dem Grat geht. So sahen wir uns das weitgedehnte Panorama
638 2669 3311 2808 von dem Plateau aus an; - wenn auch das Touristenvolk,unter dem
587 2804 3471 2971 die lächerlichen Figuren in der Mehrzahl waren. Mit uns zugleich war ein
579 2944 3433 3090 etwa 20jähriges Mädchen heraufgekommen, -verkrüppelt,ärmlich, mit einge-
580 3068 3464 3201 schienten Beinen, die sich auf zwei Stöcken mühselig fortbewegte; -offen-
578 3187 3395 3309 bar eine kleine Buchhalterin oder Telefonistin auf Urlaub; -wir bewun-
590 3334 3414 3480 derten ihre Energie; -sie sagte: "Die Welt ist ja so schön, ich will mir
611 3463 3257 3561 möglichst viel ansehen - und ihre Augen strahlten geradezu in die
566 3591 3454 3748 Runde-; ich muss Dir meine Gedanken, meiene Gefühle nicht schildern. Immer
575 3723 3537 3867 wieder von neuem bricht einem das Herz.- Du sagst, es wären wahrscheinlich
581 3854 3428 3988 noch Erlebnisse gekommen, denen ich dann nicht gewachsen gewesen wäre; -
580 3984 3257 4111 möglich - dass noch manches Schwere hätte kommen müssen: - schwerer
583 4103 3519 4289 gewiss nicht - unabänderlicher als jetzt geschehen ist: - Und bin ich
579 4226 3582 4383 dem denn "gewachzen"? Ich überlebs na ja, - und ich werde gewiss auch wieder
3458 130 3514 259 14
