3754 4667
2012 273 2905 442 Wien, 5.8.1925.Montag.
2071 429 2534 563 (nach Riva)
601 559 3386 687 Mein Liebes, gestern Abend Dein Telegramm, heute Mittag Deine Express-
603 689 3340 811 karte.-So weiss ich, dass Du zwar mittelmässig gereist, aber immerhin
566 819 3382 955 wohlbehalten in Riva angelangt bist. Ich habe die letzten Tage in nach
566 921 3390 1106 meiner Art mit Ordnen und Packen verbracht, in 5 Stunden geht mein Zug.
564 1055 3364 1197 Immerhin ist mir schon eher übel! Man kann nicht früh genug anfangen.
607 1185 3482 1349 Heute war noch die Kolap da, habe meine Korrespondenz und alle Mitarbei-
564 1345 3492 1482 terschaften erledigt; allerlei vorbereitendes diktiert. Deine
561 1463 3340 1644 Schreibmaschine hab ich gestern mit eigener Hand (im Auto von meinem
562 1588 3331 1738 Bruder kommend) abgeholt. Montag Abend war Leo und nach dem Nachtmahl
560 1718 3409 1867 Richard, Paula und Bubi da; gestern war ich im eben eröffneten Bürger-
546 1834 2359 1976 kino (ein mässiger amerikanischer Film (?
587 1994 3218 2135 Von Herrn Steffenili hab ich keinerlei Antwort - schlimmstenfalls
550 2095 1517 2253 übernacht ich in Bozen.
546 2224 3435 2380 Nun trag ich diese paar Zeilen zubeinem Kastl, dann will ich- es ist das
540 2343 3383 2521 beste in diesen "nutzlosen Stunden vor einer Abreise" Pläne durchsehen.
540 2522 2666 2653 Dich, mein sehr Liebes, küsse ich tausendmal. Dein A.
1792 2650 2075 2794 - - - - —
3503 116 3637 242 181
