3770 4719
2391 239 3299 410 2.12.1927. Bl.2.
1704 444 2021 546 übrigens
556 473 3485 625 längeres folgen wird. Er findet, dass ich heute zehn Jahre jünger ausse-
529 592 3469 751 he, als vor 4 und 5 Jahren, da ich mit ihm bei Hejek (dem mit Y) zusammen
579 749 3382 901 war. Das Berliner Tagblatt ruft mich an wegen Beiträgen. Ein Herr be-
570 864 3536 1049 sucht mich morgen in dieser Sache; -trifft sich wegen des Romans ganz gut.
613 1022 3469 1177 Heute zum Nachtmahl bin ich mit Heini, Kortner zusammen, mit der Bergner
588 1114 3532 1292 wohl erst Montag, da Czinner erst Sonntag oder Montag zurückkommt. Morgen
610 1281 2271 1416 Mittag S.Fischer,Sonntag Pieterkowskys.-
584 1398 3561 1550 Jessner flüchtiger wortloser Händedruck bei zufälliger Begegnung im Hotel
582 1556 2199 1690 (in dem ein unendlicher Trubel waltet).
547 1639 3516 1793 Aus Wien noch keine Nachricht ausser Deinen beiden sehr lieben Briefen.-
578 1777 3397 1936 Das Verhalten von F.S., sehr nett - gilt vielleicht ein wenig auch mir.
583 1918 3481 2058 Hoffentlich drückt sich der Erfolg der Gedichte bald auch kritisch aus,
591 2065 2560 2238 Doraqwird mir wohl morgen ihren Eindruck sagen.-
590 2191 3527 2322 Sonntag Früh also ruf ich Dich an.- Hast Du gemerkt, dass unser gestriges
630 2293 3450 2455 Gespräch vierfach war? Sie lassen einen jezt reden, so lange man will,
603 2466 1939 2614 ohne mittendrin zu unterbrechen.
609 2623 2943 2756 Nun, Liebste, sage ich Dir Adieu und küsse Dich tausendmal.
1554 2736 1789 2843 Dein
1762 2813 1880 3024 A.
1690 3082 1982 3274 - - - -
3562 111 3663 276 76
