3759 4666
1191 341 1530 453 agebuch.
571 584 3339 746 26.7.1926. Gestern ist A. weggefahren. Noch nie ist mir der Abschied
580 726 3255 870 so schwer geworden, vielleicht, weil wir uns noch nie so lieb hatten
616 862 1915 1007 3 Ei Rlgogkircy monsieur un deux
583 982 3373 1197 Ich mache mir auch grosse Sorgen um ihn, gestern Abend sah er so blass
571 1132 3361 1251 und verfallen aus. Er lebt über seine Verhältnisse und dann kommt im-
560 1240 3441 1448 mer der Augenblick, wo er Angst bekommt nicht genug schaffen, nicht Genug
608 1374 3378 1523 verdienen zu können. Er verschwendet wie ein grosses Kind, das er ist
548 1486 1874 1642 und seine Familie nützt ihn aus.
548 1641 3233 1810 Das Wetter kalt und früb, meine Stimmung trüb. Aerger mit Carry, der
530 1769 3301 1937 wieder bis ½12 im Bett liegt. Begegnung mit B. in der Stadt, der sich
550 1878 3337 2091 wieder albern benimmt. Ich lasse ihn stehen und gehe zur Schneiderin.
549 2036 3391 2221 Später Begegnung mit Frieda P. Langes Gespräch über A. Wir möchten ihm
538 2165 3397 2349 Beide helfen. Ich habe ihm gestern einen langen Brief geschrieben, vor-
518 2282 3420 2463 geschlagen uns in einem kleinen Ort bei Salzburg anstatt in der teueren
508 2429 3273 2609 Schweiz zu treffen. Und auch diene Reisepläne seiner Familie einzu-
566 2567 3307 2726 dämmern, die von der Schweiz noch ans meer wollen. Viele viele Mil-
523 2685 3142 2867 lionen könnten erspart werden. Ich bin begierig auf die Antwort.
524 2824 2453 2946 Ich friere, es ist kalt wie im November, 10 Grad.
525 2954 3302 3163 Am Abend Harry und Karl zum Nachtmahl bei mir. Es war nett, wir spra-
514 3060 1425 3225 chen wie gute Freunde.
516 3193 3329 3394 29.7.1926. Wieder Kälte, Regen - Sehnsucht. Ich habe den Laudin ausge-
511 3333 3114 3517 lesen. Welche Begabung und wie unsympathisch, eine geniale Mache.
513 3451 3220 3627 Ich bin müde, verstimmt einwam, kann nicht arbeiten. - Ich gehe jetzt
520 3609 3240 3772 zu Tante Rosa, was mich gar nicht freut. Vormittag kurze Zeit in der
499 3727 3117 3875 Stadt gewesen, kein bekanntes Gesicht. Wien scheint ausgestorben.
502 3840 3394 4059 Ich bin doch nicht zu Tante Rosa gegangen, es hat so geregnet. Die Aende-
497 3989 3337 4141 rungen, die in Paris in meiner Else-Uebersetzung gemacht wurden, heraus-
494 4095 3339 4351 geschrieben, damit man vergleichen kann. Man merkt, dass der betreffende
