3742 4662
2032 232 3194 415 Wien,Hotel Regina, 10.1.1925.
2188 408 2409 522 nach
592 503 3482 654 Geliebter Freund, ich will versuchen Dir einen Brief zu schreiben, obwohl
595 634 3485 785 es mir an der, rechten Stimmung fehlt, aberich denke mir, l'appetit vient
606 793 3448 943 en mangant und so kriege ich vielleicht auch erst Lust, wenn ich dabei
566 927 795 1045 bin.
627 1049 3506 1174 Heute Früh kam Dein lieber Gruss aus M. und ich hoffe, dass die 4 Karten,
591 1170 3558 1317 die ich bereits abgeschickt habe, auch pünktlich in Deinen Besitz gelangen
593 1317 3552 1407 werden.-Am Montag höre ich wohl schon, wie es Dir in Stuttgart ergangen ist
592 1428 3566 1571 und ob Dich der Abend nicht ermüdet hat. Bitte wende mir auch von überall
591 1573 2036 1687 e ventuelle Zeitungsausschnitte ein.
593 1708 3321 1856 Ich komme eben aus der Stadt. Trotz blauen Himmels und Sonnenschein
621 1844 3496 2001 weht ein unangenehmer Wind mit vielStaub und ich bin früherheimgekehrt.
589 1982 3479 2110 Ich traf Siegfried T., der mir nach einem kurzen Gespräch über "Lenormand"
573 2107 3393 2232 und die Premiere letzthin sagte, - ich soll Dich grüssen, wenn ich Dich
563 2230 3280 2353 sehe. Ich antwortete, er wisse wohl, dass Du auf einer Vortragsreise
582 2355 3310 2458 bist. Er tat sehr erstaunt und frug mich aus, wo Du lesen wirst. Ich
556 2487 3383 2587 nannte Stuttgart, Baden-Baden und die Schweiz ohne weitere Details. Er
579 2644 3351 2769 sagte lächelnd: "Ach, da besucht er wohl in B.-B. seine Frau?" Worauf
576 2745 3433 2871 ich antwortete, sie sei derzeit gar nicht dort. Wieder eine Frage, wo sie
557 2863 3370 3040 denn ist -kurzum ein reines Verhör. Ich antwortete ruhig und harmlos,
573 2992 3386 3112 ohne mit der Wimper zu zucken, aber es ist unglaublich, wie taktlos die
585 3125 3423 3236 Menschen sind. Ich bin übrigens ganz überzeugt, dass er ganz genau wuss-
576 3235 3378 3430 te, dass Du nicht hier bist, da ja die Hofrätin, Salten u.s.w.orientiert
578 3403 830 3520 sind.
1457 3440 1628 3599 für
619 3514 3409 3696 Morgen Früh fahre ich den ganzen Tag mit Carly nach Mödling. Hoffent-
571 3658 3296 3811 lich ist das Wetter güstig und wir können einen langen Spaziergang
573 3798 3258 3915 machen. Am Montag Nachmittag bin ich, wie ich Dir schon schrieb, bei
575 3916 3446 4046 Glücksmann im Volkstheater, aber ich halte wenig von dieser Unterredung.
564 4038 3469 4170 Er sagte mir, dass er die 5 kleinen Einakter wieder mit grossem Interes-
569 4196 3213 4354 se gelesen hat und er sie nach wie vorsehr gut fin'et, aber ob ich
3470 121 3641 300 100
