3690 4670
664 1040 3524 1180 Auf Arthurs Wunsch übersiedelte ich später von Pontresina nach Celle¬
626 1190 3429 1334 rina zu ihm. Die letzten Tage dieses sonst sehr schönen Beisammensein
618 1316 3435 1494 litten darunter, dass A. Lily aus Forte di Marmi abholen wollte, ei¬
642 1475 3423 1611 gentlich keine Lust dazu hatte, fortwährend Kursbücher studierte und
634 1600 3473 1733 sich physisch und psychisch nicht wohl fühlte. Wir fuhren schliesslich
628 1734 3392 1871 (teilweise mit Privat- Auto, – eine herrliche Fahrt) gemeinsam nach
628 1858 3391 1988 Mailand, und von dort, nach 2 Tagen – A. nach Forte d. M. und ich
630 1983 3566 2139 allein nach Wien. Ich war verstimmt und A. hatte ein schlechtes Gewissen
