3743 4598
551 301 777 457 1928
536 463 3374 617 aber angefault. Sie wollte keine Kinder, ekelte sich vor Kindern -sagt
557 619 1251 782 das nicht alles?
566 715 3361 880 Jammervolle Tage. Ich sehne mich nach dem Schlafmittel, das ich jeden
550 864 1491 1027 Abend um 11 Unr nehme.
569 988 3384 1130 Bei Frieda, dann bei den Kindern, die lieb und herzig sind, aber die ich
562 1134 3446 1275 schliesslich doch nur störe. Auch die Gespräche mit Frieda werden sinn-
576 1245 3493 1412 los. Sie meint es ja gut, steht aber bald da, bald dort mit ihrer Meinung.
572 1383 3374 1550 10.8. Vormittag wieder mit A. Von Pätzleinsdorf nach Dornbach gewan-
569 1516 3388 1647 dert. Mir ist so elend, dass ich Lili beinah beneide. Wo ist Platz für
577 1658 825 1806 mic n¬
577 1808 3223 1929 12.8. Ein Tag unerträglicher als der andere. O. und Schwiegersohn
594 1944 3388 2063 gestern nach wenedig. A. hat sie bis zum Hotel Bristol begleitet. Sie
575 2042 3304 2212 ist ihm vor allen Leuten auf der Ringstrasse um den Hals gefallen.
577 2182 3393 2322 Heute Vormittag mit ihm im Auto Weidling am Bach. Im Wald tristes Ge-
585 2279 3405 2467 spräch und Weinen. Ich spüre, dass ich versage und das macht mich noch
597 2452 2710 2575 verzweifelter. Ich dürfte heute nur mein Leid senen.
594 2558 3446 2728 Nachmittag mit Gisale Berger im Kino, um mich zu betäuben. La da rutti
588 2703 3278 2861 sieht Lili so ähnlich. Ich musste fortwährend weinen, obwohl es ein
567 2834 1188 2960 Lustspiel war.
588 2980 3350 3121 Quälende telefonische Gespräche mit Frieda. Sie wollte durchaus, dass
598 3086 3295 3213 ich mit ihr nach Aussee fahre. Um irgend etwas Definitives zu tun,
587 3221 1802 3343 Zimmer am Semmering bestellt.
625 3373 3401 3484 14.8. A. war bei mir. Gute Worte von beiden Seiten. Vorübergehendes
1986 3444 2427 3536 dieb) ohne
595 3475 3230 3609 Aufatmen. Mittag Cary und Magda. kath aber jedes Interesse an mir.
585 3622 3361 3784 Die Hauptsache für mich ist, dass sie sich lieben und glücklich sind.
579 3762 1787 3888 Für mich verlange ich nichts.
598 3862 3403 4015 15.8. Abendspaziergang mit A. mit Nachtmahl im Nussdorfer Bräu. Trotz
576 4036 1802 4177 Sternenhimmel düsterer Abend.
3518 72 3600 163 de
3506 101 3665 251 140
