3782 4710
712 224 1320 396 Tgb. 9.3.1930.
726 397 3537 571 ein. Ich betrachte sein müdes, verwüstetes Gesicht. Mir ist zum Weinen.
725 546 2854 677 Traurige müde Zärtlichkeit wirhalten unsumschlungen.
714 715 3333 880 10.3. Das Wetter wird immer frühlingshafter. Wer sich doch freuen
770 892 1072 1024 könnte!
760 988 3419 1150 Heini soll hier pastieren. Arnoldo hat geschrieben, dass er seinen
726 1138 3334 1271 Urlaub im Mai hier verbringen will. A. frägt mich: "Was wirst Du
714 1275 3251 1409 sagen, wenn die O. in dieser Zeit auch her kommt?" ich sagte, es
725 1370 3518 1517 wird mich nicht gerade freuen, aber es ist mir immer noch viel lieber,
705 1512 3455 1680 als wenn Du sie wo anders triffst,- Bei "Heilige Flamme" in der Jo-
733 1634 2755 1792 sefstadt. Spannend aber unerträglich. Gutes Spiel.
726 1808 3444 1925 15.3. A. bei mir. Ich hatte den neuen blasen Schlafrock an. Er sag-
741 1879 3360 2054 te, ich hätte noch nie so gut ausgesehen. Im Radio Walzerkonzert,
738 2058 3406 2222 er bat mich für ihn zu tanzen - - Salome - - grosse Zärtlichkeit.
724 2265 3485 2434 16.3. Die kleine Filmschauspielerin Ellis bei ihm zu Tisch, Ein bis-
742 2380 1414 2529 chen lächerlich.
738 2500 3417 2652 Abend ich bei ihm. Sehr zärtlich. Ich half ihm beim Schlafengehen
739 2660 3376 2788 wie einem kleinen Kind. Zog ihm die Schuhe aus, das Nachthend an.
738 2788 2962 2894 So, wenn ich ihn bemuttern kann hab ich Ihn am liebsten.
735 2936 3012 3102 17.3. Ottos Geburtstag. Der liebe Kerl,Gott schütze ihn.
739 3091 3248 3207 Traf bei ihm in der Kanzlei Hauptmann Freisler nach 20 Jahren.
739 3225 3259 3391 Wir sahen uns gegenseitig an wie Gespenster. Er erkannte mich
753 3323 3631 3488 zuerst, aber recht unsicher. Ob ich auch so verändert, so alt bin wie er?
749 3490 3367 3608 nicht - Nachmittag wieder kurzer Spaziergang mit A., der weder sehr
747 3598 3373 3723 nervös und verstimmt war. Ich glaube durch einen Brief von Heini.
742 3744 3205 3882 Erster Akt Corday fertig. Gutes Gefühl. Zweiten Akt begonnen.
746 3914 3460 4050 30.3. ich schreibe gar nicht mehr ein. Knospen an den Bäumen - ver-
754 4083 3415 4204 frühter Frühling, von dem ich nichts mehr fühle. A. launenhaft, müd,
750 4228 3415 4354 nervös, quält mich. Bin ich gleichmässig kühl, findet er ich sei lä-
3582 100 3718 289 32
