3787 4731
1376 197 2802 391 auf hoher, aber spiegelglatter See,
1927 389 2559 534 1928 Vormittag
1437 494 3336 633 etwas wettlich von Kephalonia, in den jonischen
1483 604 1775 720 Inseln.
702 668 3358 817 Mein Liebes, seit Rhodus sind wir auf der Heimreise, das Wetter ist
698 828 3297 948 herrlich, heute fast schon zu warm, das Meer rührt sich nicht, man
712 985 3416 1090 könnte glauben, dass das Schiff stille steht. Mein Befinden ist gut
729 1083 3523 1264 (heute nur durch etwas Kopfweh gestört). Man findet mein Aussehen vor-
717 1220 3448 1406 trefflich und ich hoffe die Reise wird mir - ganz abgesehen von der
706 1395 3513 1499 Freude mit Lili zu sein und von dem vielen neuen und merkwürdigen, das
706 1493 3388 1613 wir gesehen- von Vortheil geworden sein. - Gestern habe ich übrigens
717 1624 3527 1776 zum ersten Mal meine Manuscripte vorgenommen; Zug der Schatten. Heute
747 1723 3360 1886 kommt der Schluss dran. Ich denke, es wird nicht gar zu viel Mühe
711 1893 3369 1991 kosten die Sache dictir- und aufführungsreif zu machen. - Im allge-
710 2020 3444 2162 meinen habe ich kaum was gearbeitet, bin sehr viel auf Deck herumge-
756 2150 3352 2258 laufen, auch gelegen, habe gelesen, Paléologue und Dreyser, bisher
760 2283 3436 2422 zwei Bände - in der grössten Spannung hab ich abgebrochen und he-
706 2425 3430 2541 be mir den 3. Band für die Heimreise auf, Sie jedenfalls Donnerstag,
752 2530 3442 2676 sei es zu Luft oder zu Erde stattfinden wird. Dieser Brief geht in
743 2651 3373 2798 Ragusa ans Land. Vor Mittwoch wirst Du ihn kaum haben, vielleicht
761 2799 3433 2915 aber kommt er erst nach mir an. Und morgen in Raguza habe ich hof-
745 2922 3428 3044 fentlich einen Brief von Dir. Ich habe bisher nur den kurzen Brief,
726 3056 3315 3171 den ich in Constantinopel an Bord erhielt, - der Athenienser fehlt
704 3172 3515 3294 und drei Karten. Also natürlich noch auf keine meiner Nachrichten ei-
719 3332 3391 3424 ne Antwort; und weiss seit 10 Tagen, wenn nicht länger, nicht was Du
721 3463 3424 3575 denkst und tust. Morgen werd ich hoffentlich einigermassen entschä-
695 3590 3267 3703 digt werden und in Venedig find oder erhalt ich doch jedenfalls
688 3732 3280 3835 auch noch Nachricht und Freitag spätestens sehe und spreche ich
714 3855 3032 3963 Dich wieder - und wir wollen gute und schöne Tage haben.
712 3994 3301 4088 Ausser mit Lili und Arnoldo sprech ich hier am meisten mit Prof.
696 4119 3323 4228 Liepmann, der nicht Paychiater ist, sondern Chirurg und Gynäkolog,
3564 105 3701 226 117
