3782 4702
639 236 1280 391 Tgb. 24.6.1930.
650 400 3575 597 ich weiss, wären nur er und ich noch einmal irgendwo allein, er würde mich
607 583 1369 748 wieder lieb haben.
649 750 3412 904 25.6. Ich war bei Dr.D., um ihn zu bitten, er möge sich um A. kümmern,
618 861 3596 1066 wenn ich nicht da bin. Und dass ich auf ein paar Wochen fortgehe, weil man
629 990 3641 1166 in es mir nahegelegt hat. Und ich habe solche Angst um hin. Ich konnte kaum
625 1102 3563 1312 sprechen, so weinte ich. Er hat mir verraten, dass die 0. als sie hier war,
632 1246 3553 1457 mit ihm sprechen wollte, damit er dahin wirkt, dass ich heuer allein fort-
642 1382 3510 1584 gehe und dass sie dasselbe auch bei andern Familienmitgliedern versucht
641 1523 3531 1708 hat. Er hat ebenso wie die Andern die Intervention abgelehnt. Ist das
645 1659 3469 1827 nun klar genug? Sie hat eben die Dora beeinflusst, dass sie ihm zuredet
2708 1738 2872 1843 dies
647 1786 3507 1969 allein auf Reisen zu gehen und in diesem Sinn hat eben auch mit mir
643 1950 1131 2111 gesprochen.
656 2096 3613 2268 26.6. Abschiedsbesuche, Besorgungen. A. 2 Tage nicht gesehen. Ich arbeite.
649 2231 3578 2421 Will die Corday vord er Abreise fertig haben. Der 2.Akt aus meinem Stück
665 2361 3535 2537 "Dame von der Neuen Freien Presse angenommen. Gottseidank 500 S.! Jedos
687 2544 2617 2678 Beisammenseinn mit A. eine melancholische Qual.
705 2663 3638 2883 30.6. Erschöpft von Besorgungen, Bankwege, Einpacken. Abend Stern-
670 2820 3649 2996 wartestrasse. Hie und da von seiner Seite schwache Versuche von Liebevoll-
679 2974 3683 3134 Sein. Verständnislosigkeit von seiner Seite. Friedet Reise sehr vernünftig.
677 3085 3638 3280 Küsst mich auf die Stirne. "Glaub nur nicht, dass ich gerührt bin". - "Nein,
666 3247 2861 3441 nein, ich glaubs nicht". Wozu muss er das erst betanen.
686 3392 3708 3608 1.7. So reise ich. In einer Viertelstunde verlasse ich das Haus. Hingenorde-
696 3526 3542 3706 te Frühlings- und Sommermonate nach diesem furchtbaren Winter. Und bald
694 3699 1967 3885 wird wieder ein Winter da sein.
689 3912 1086 4055 Karl sbad.
724 3992 3485 4165 Was nützt es, dass er mich an die Bahn gebracht hat, vor der Coupétüre
702 4145 3534 4285 stan, bis der Zug abging, mir Blumen und eine herrliche Tasche brachte.
