3811 4667
1998 299 2694 440 Wien, 13.10.1925.
642 403 1297 538 An A.S., Berlin.
607 593 1214 734 Mein Liebstes,
1174 636 3438 854 heute wird es wirklich kaum mehr als ein Chronikbericht
638 796 3316 993 werden, denn meine Geistes- und Lebenskräfte nehmen zusehends ab. In
639 927 3319 1140 der Früh um 7 Uhr aufgestanden, aufgeräumt, um 1/2 10 bereits in die
632 1053 3341 1230 Stadt gelaufen. Zuerst Bodenkredit, dann in die Spitzenindustrie zur
637 1184 3412 1387 Schätzung des bewussten Spitzentuches. Es wurde auf 30 Millionen ge¬
640 1288 3444 1506 schätzt und man würde es dort eventuell zum kommissionsweisen Verkauf
660 1460 3411 1661 übernehmen. Verschleudern wär ein Jammer, denn man sagte mir, dass das
690 1588 3395 1748 Tuch fabelhaft ist und zu einer andern Zeit viel mehr wert gewesen
692 1764 1663 1914 ist, als 30 Millionen Kr.
1207 1832 3427 2004 Dann noch ein paar kleine Besorgungen, um 11 wieder zu¬
697 1981 3475 2157 haus. Ich wartete auf einen Rechtsanwalt, der drei Kanzleiräume sucht
675 2088 3487 2277 und sich für 12 angesagt hatte, aber er kam nicht. Eben war ein junges
671 2250 3436 2422 Ehepaar hier, die drei Zimmer mit Küche wollten, aber die Zimmer waren
677 2360 3419 2578 ihnen zu gross. Meine Nerven sind manchem Augenblick dem Zerplatzen
678 2500 3425 2694 nahe und es nützt nicht viel, wenn man sich sagt, dass es Andern noch
702 2692 1361 2826 schlechter geht.
1249 2758 3545 2909 Hoffentlich hast Du die unangenehmen Unterredungen schon
696 2884 3464 3059 hinter Dir und ich sehe mit Spannung Deinem ersten Bericht entgegen.
698 3034 2192 3195 Hast Du schon Nachricht aus Venedig?
1292 3171 3370 3305 Heute ist hier ein kalter, grauer Tag und ich werde
714 3309 2677 3447 mich wohl morgen entschliessen müssen zu heizen.
1308 3425 3322 3568 Gott, wenn ich nur schon einmal zur Ruhe käme, mich
709 3496 3485 3711 in mein Zimmer einsperren und arbeiten könnte. Wenn ich nur über die
694 3675 3440 3861 ärgsten Sorgen hinaus wär. Aber ich sehe schon, wie ich die Wohnung,
734 3834 3451 3963 so wie im Vorjahr vermieten und mir irgendwo ein Zimmer suchen muss
732 3946 3490 4137 oder - es findet sich überhaupt nichts. Aber es ist so dumm Dir das
733 4062 3413 4232 alles zu erzählen, denn Du weisst es ohnedies und es ist nicht sehr
737 4230 3472 4396 amüsant. Wenn man so viele Stunden ganz allein ist mit seinen wenig
