3746 4602
2170 253 3066 423 Karlsbad,Haus Osborn.
530 375 848 503 An A.S.
2219 391 2655 540 15.7.1930.
510 486 3344 692 Mein liebes Kind, ich habe Dich eben telefonisch angerufen, da ich Dich
528 641 3410 826 um Deiner Nerven willen nicht unter dem Eindruck des vorhergehenden Ge-
530 788 3375 954 spräches abreisen lassen wollte, das allerdings in einernur zu begreif-
513 910 3370 1087 lichen Stimmung begründet war. Du fragst: "Was tust du nach Karlsbad?"
516 1043 3226 1235 Aber es fällt Dir nicht ein zu sagen: Ich freue mich Dich nach der
512 1179 3297 1333 Schweizer Reise wiederzusehen. Du sagst (am Telefon): "Ja, hast Du ge-
508 1300 3314 1470 glaubt, dass wir uns nicht mehr wiedersehen werden?" - Aber Du vermei-
517 1426 3399 1613 dest es zu sagen: Natürlich will ich Dich nach der Schweizer Reise wie-
512 1552 3274 1738 dersehen, wie Du eben jedes gute und warme Wort vermeidest. Und darum
486 1662 2007 1838 muss ich Dir diesen Brief schreiben.
478 1820 3460 2029 Es handelt sich nicht darum, ob wir uns in Wien oder anderswo wiedersehen
497 1975 3427 2144 auch nicht, ob das am 1. oder 2. August sein wird, sondern, ob wir uns jetzt
480 2060 1689 2229 überhaupt wieder sehen sollen.
494 2207 3461 2429 Ich werde Dir sehr gern Vorschläge für ein Beisammense in unterbreiten oder
488 2339 3256 2501 von Dir entgegennehmen, wenn die Voraus setzungen gegeben sind, auf die
483 2476 3339 2678 allein es mir ankommt. Freundschaft genügt mir nicht, es muss Liebe und
476 2590 1678 2776 Sehnsucht sein, die mich ruft.
472 2729 3312 2915 Verliebte Freundschaft kann am Beginn einer Beziehung stehen, im 8. Jahr
479 2869 3329 3056 aber setzt sie eine Abgeklärtheit voraus, die weder bei mir, noch bei Dir
457 2995 3189 3209 vorhanden ist, und ausschliesslich zu Irritationen und Qualen führt.
432 3112 3309 3298 Wie Du heute zu mir stehst musst Du fühlen, wissen, - und es nutzt nichts
437 3241 3345 3461 sich an Worten vorbeizudrücken, die nun einmal doch ausgesprochen werden
497 3346 3291 3587 müssen. Es gibt keine Verpflichtungen, so lange manliebt. Denn in der
420 3524 3201 3700 Liebe ist alles selbstverständlich, weil es zugleich beglückend ist.
438 3638 3261 3839 Nie hätte man mir sagen können, die Verpflichtung mich in Dein Sommer-
438 3791 3159 3974 programm einbeziehen zu müssen, ennerviere Dich, der Gedanke nach der
434 3883 3272 4110 Reise mit Heini auch mit mir noch reisen zu müssen, sei eine Belastung,
438 4056 3350 4266 wenn du Dich nicht in diesem Sinn geäussert hättest. Und wenn Du Dich so
417 4127 3358 4378 geäussert hast, so ist das wie in allen andern Konflikten in Deiner gafäh
