3742 4670
326 126 3655 305 Mck unserer Gemeinkinnen weitere Schwieger Reise 48
2004 272 3064 455 Bregenz, 7.9.1923. Abends.
496 488 3348 623 Liebste Clara Katharina - an dem langenAufenthalt Eures Zugs in Feld-
526 636 3402 766 kirch war ich Schuld - mein Koffer war nicht ausgeladen; - es zeigte
547 765 3279 925 sich, dass er ganz im Hintergrund verstaut war und - ohne meine eben
547 860 3517 1041 noch rechtzeitige intervention nach Wien gereist wäre! Aber die Schweizer
505 992 3356 1169 Verlader, nicht die Österreichischenwaren schuld. Hingegen war
534 1150 3257 1280 mein Diner in Feldkirch höchst österreichisch - eine Schinkensemmel
539 1306 3295 1423 ohne Butter und fast ohne Schinken, ein Stück fadester Emmenthaler -
563 1383 3332 1542 Ankunft in Bregenz - Das Hotel Oesterreichischer Hof existiert nicht
537 1545 3302 1689 mehr - ich frage einen intelligent aussehenden Bregenzer (gibtsauch)
537 1703 3346 1823 nach dem besten Hotel, "Kreuz" scheint tatsächlich das zu sein, (Einen
541 1777 3474 1946 schweizer Hotel xxx dritten-bis zweiten Ranges entsprechend), - aber nie
547 1937 3287 2046 ten in der Stadt gelegen, aber für längeren Aufenthalt underkbar.Zum
523 2032 3234 2233 Hafen, um die Baden-Badner abzufangen - kam weder um 4 noch um 6 -
529 2180 3331 2345 hingegen läuft ein Telegramm im Kreuz ein, dass Ankunft morgen erfolgt
542 2328 3417 2464 (zufällig ist der Kreuz-Besitzer Bruder eines Baden-Badner Hoteliers).
573 2439 3346 2621 Treffe hier im Hotel einen ebenso alten als jüdischen Bekannten,
540 2598 3222 2730 aus früher reicher Familie, Doktor der Chemie - der hierjeden Abend
571 2711 3397 2825 seit Monaten Klavier spielt (gegen freies Quartier und Gratiskost, so-
575 2850 3414 2990 wie Douceurs der Gätte) Dr. Horvitz - Du kennst ihn gewiss aus früheren
565 2970 3403 3099 Zeiten. Schickwale! - Diesem Konzert werde ich unverzüglich beiwohnen.
573 3089 3338 3258 Und morgen Früh werde ich für alle Fälle Lochau besichtigen, das sich
541 3209 3396 3406 vom Ufer aus sehr elegant präsentiert. Denn in der Stadt selbst bleibe
533 3348 3466 3484 ich keineswegs. Vielleicht aber steigeich noch ein Mal in die Höhe arl-
2609 3456 2811 3544 Also
526 3475 3327 3639 bergwärts. Das wird sich alles morgen entscheiden. Schreibe mir
527 3623 3304 3750 nicht, ehe Du eine Nachricht hast.- Du dürftest nun ungefähr in Kitz-
508 3747 3339 3890 bühel sein und Herr von K. verlässt Dich. Arme! Aber vielleicht nimmt
574 3880 3318 4031 sich nun Dr. H, Deiner an? - Schlaf wohl; - komme gut an,finde alles
531 4014 3386 4166 in Ordnung (daheim mein ich) und denke mein. Es war schön! Auf Wieder-
538 4165 806 4273 sehen.
916 4241 1369 4436 Dein A.
