3746 4638
649 333 1295 486 Tgb. 14.8.1930.
2249 306 2876 476 affaires Selaister
657 471 3429 591 Er gab wieder zu, dass die 0. mit der Gisa gesprochen hat, um ihre In-
649 600 3346 729 tervention zu erreichen mich von A. zu distanzieren. Dr.D. meinte
652 733 3510 861 auch, ich sei viel zu wenig raffiniert und traue mich A. gegenüber viel
662 886 3431 1011 zu wenig. Ich sollte ihn doch einfach fragen, was mit der gemeinsamen
660 1008 3351 1118 Reise ist oder ob wir hier bleiben. Das wäre viel vernünftiger als
649 1094 3539 1229 das Herumreden. Vielleicht hat Recht. Heute Früh Anruf A.'s. Ich sprach
665 1240 3408 1437 ganz gleichgültig über den gestrigen Abend mit ihm und Über die zwei
653 1385 3461 1532 Damen. Die Schwester hat sechs Kinder. Die Männer, die beide angeblich
661 1505 2777 1676 schön und sympathisch sind, holten sie um 11 Uhr ab.
650 1658 3373 1800 Mittag bei Cary und Magdi zu Tisch, dann das Haus ansehen, in das sie
649 1769 3321 1926 im September einziehen sollen. Wie anspruchslos sind diese Kind er!
648 1904 3338 2040 Sie freuen sich auf diese 3 Zimmer im 5.Stock, wie wir uns nie auf
651 2054 3363 2188 unsere Herrschaftswohnungen freuten, aber sie sind viel glücklicher.
657 2158 3429 2304 15.8. Gestern Abend mit Ferry und Anny Donath bei A. drüben. A. hei-
648 2318 3445 2436 terer und besser aussehend, so dass Dr.D. nicht den richtigen Eindruck
643 2444 3493 2577 haben kann. Dr. D. längeres tête-à-tête mit A. Dr D. sagte mir am Heim-
638 2563 3461 2704 weg, dass A. die Absicht hat fortzugehen, nach Marienbad wahrscheinlich
647 2684 3409 2827 und dass er ihn gar nicht schlecht findet. A. ist Montag wegen Blut-
655 2813 1538 2971 druckmessung bei ihm.
637 2963 3488 3103 A. Vormittag sehr schlecht aussehend bei mir, dann ein wenig in Türken-
650 3099 1753 3232 schanzpark. Abend Operette.
643 3216 3362 3360 18.8. Mittag drüben. Abend Kino (langweiliger, blöder Film "Lied der
638 3358 3068 3488 Freiheit"). nachher Imperial. Unentwegt kühle Freundlichkeit.
2315 3442 2597 3528 Gaausx
631 3497 3139 3583 19.8. Heute vor einem Jahr sind wir nach Ceaux abgereist - - -
643 3622 3394 3751 Vormittag mit A., der mich im Garten holte, durch den Türkenschanzpark.
634 3728 2628 3896 Freundlicher Pfauderton, kein Wort über die Reise.
631 3839 3436 4028 20.8. Gespräch mit Dr.D. A. habe sich sehr befriedigt über mein Wesen
636 4008 3466 4149 und die jetzige Art unserer Beziehung geäussert. Ich sagte Dr. D., dass
630 4150 3385 4279 ich kaum eine Beziehung, der so wie jetzt jede Zärtlichkeit fehlt, auf
3537 104 3648 284 88
