3787 4694
602 264 1265 432 Tgb. 10.5.1929.
639 440 2186 628 lässt, denn die O. wird nie Ruhe geben.
607 670 3407 824 11.5. Heute Früh entschiedene Besserung auch in der Stimmung. War von
639 790 3352 950 10-12 bei ihm, verliess ihn dann, weil Julius kommen sollte. Als ich
649 953 3474 1088 auf A.'s Wunsch Mittag zu Tisch wieder kam, wie der Düsterkeit. Ich ver-
643 1069 3447 1223 mute ein Gespräch über 0. zwischen den Brüdern. Später wieder Aufhei-
634 1211 2594 1349 terung in der Stimmung. Am Abend wieder bei ihm.
591 1356 3318 1533 12.5. Gestern Abend entschieden besser. Hypochondrie abnehmend, aber
626 1475 3433 1683 ich fühle ihn anderweitig präokkupiert. Während meiner Anwesenheit
627 1649 3423 1761 kam Dr.Donath. A. soll Diathermie und später Kohlensäurebäder nehmen.
578 1754 3305 1893 Ich liess ihn und Dr. Dr. eine Zeitlang allein, vermute Gespräche über
585 1907 3345 2028 die Reise an den Wörthersee. Ich ahne schon die O. hier in Wien, wenn
633 2037 3382 2192 aus der Reise dorthin nichts wird. Wie soll man nur das alles ertra-
586 2203 3426 2328 gen. Ich versuche eben wiederholt bei ihm anzurufen, immerbbesetzt. Wahr-
593 2304 3317 2458 scheinlich Gespräch mit Berlin. A. soll heute Mittag bei mir essen.
596 2407 1676 2561 Es regnet und es ist kühl.
585 2526 3374 2706 A. mich eben angerufen. Liebenswürdig, sehr, animiert, wie immer, wenn er
627 2678 3470 2780 harmlos scheinen will. Warum ist ein so bedeutender und grosser Mensch
574 2816 3490 2948 nicht auch mehr? Gestern hat er mich in einer geradezu kindischen Weise
579 2964 3509 3099 angelogen. Vorgestern als ich ihn verliess, trug Minna gerade gelbe Rosen
580 3091 3380 3224 hinauf und sagte mir sie seien eben von einer Dame gekommen, sie wisse
572 3185 3401 3347 nicht genau, wie sie heisse. Gestern, als ich die Rosen auf dem Schreib-
3051 3312 3406 3390 Elly und
584 3294 3492 3486 tisch stehen sah, frug ich, von wem sie wären. Er antwortete von xxxxxxx
627 3415 806 3494 Karl
574 3462 3288 3605 Karl xxx xxx (die Schwiegertochter und der Sohn von Julius).
567 3599 2651 3737 Warum, warum tut er das und was kann ich ihm glauben?
580 3726 3301 3871 (Bemerkung vom 7.7.1932: Die Rosen dürften von Frau Clauser gewesen
571 3840 848 3969 sein.)
560 3989 3334 4172 Heute Vormittag holte A. mich zum Spazierenfahren trotz regnerischen
573 4091 3392 4297 Wetters. Siedering, Klosterneuburg, oca eine Stunde, dann Mittagessen bei
565 4237 3365 4413 mir bei gutem Appetit, aber nachher grosse Müdigkeit. Die Augen fielen
564 4369 3373 4548 ihm immer zu. Vergeblicher Versuch Klavier zu spielen. Die linke Hand
3560 82 3703 275 237
