3746 4638
2248 349 2894 471 Wien, 29.7.1930.
654 333 991 497 An A.S.
1980 445 3260 639 (Dienstag, nach der Morgenpost).
683 631 3302 757 Liebster, noch ohne Antwort auf meinen Brief und seit einer Woche
655 759 3455 867 wieder ohne Nachricht will ich Dir nur rasch sagen, dass, wenn Du viel-
648 874 3239 979 leicht bis gegen den 10. August mit Heini und Rath zusammen sein
633 983 3279 1127 willst und ich Dich störe (ich weiss ja nicht, was Du seit meiner
657 1112 3300 1243 Abreise vor Wochen mit ihnen besprochen hast), dann fahre ich eben
690 1241 3389 1402 erst am 9. von hier, fort, um Dich zu treffen oder erwarte Dich
694 1368 3373 1506 eben hier. Ich weiss nicht, was für eine Antwort unterwegs ist, aber
655 1521 3487 1634 ich bitte Dich jedesfalls den Empfang dieser Zeilen mir zu bestätigen.
643 1635 3447 1776 Ich habe Ende der vorigen Woche im Tiefsten mitfühlen Deiner gedacht.
663 1785 2488 1898 Ich hoffe Dich wohl und sende tausend Grüsse,
1594 1889 2060 2046 Deine C.K.
3591 17 3662 123 des
3563 113 3657 283 78
