3690 4670
1968 334 2808 476 Wien, Pension Kremer,
1944 433 2391 534 11.9.1925.
488 473 1395 614 An A.S. nach Florenz.
614 708 3277 923 Liebster, ich war eben im Begriff um 5 Uhr Nachmittag das Haus zu
662 880 3240 1009 verlassen, als Dein Telegramm eintraf. Ich kann daher erst jetzt
617 1000 3340 1129 nach meiner Heimkehr den gewünschten Brief an Dich absenden und morgen Sam¬
627 1123 3347 1241 stag Früh wieder an Dich schreiben. Ob er Dich noch erreichen wird?
617 1263 3394 1426 Er kann ja im besten Fall Montag in Florenz sein und da bist Du wohl
614 1406 3163 1535 schon auf der Heimreise, wenn Du am 15. in Wien sein willst. Ich
623 1538 2858 1664 schreibe aber jedesfalls, um den guten Willen zu zeigen.
1092 1622 3348 1813 Von der Reise wäre zu berichten, dass ich in Mailand in
607 1788 3213 1931 den Waggon einstieg, der direkt nach Wien ging und dieser so weit
593 1910 3431 2071 hinaus verschoben wurde, dass ich gleich bezweifelte,dass wir uns noch
651 2068 3339 2155 sehen würden. Aber es schien mir fast, als passe diese Abschiedslo¬
598 2181 3489 2328 sigkeit und das plötzliche Auseinandergerissenwerden zu allem Uebrigen,
596 2314 3423 2438 zu der Stimmung dieses Morgens, zu dem letzten Gespräch und zu manchen
592 2414 967 2606 andern.-
1037 2527 3371 2695 Die Fahrt war sehr beschwerlich. Obwohl ich die Erste im
579 2686 3406 2810 Waggon war, füllte er sich noch in Mailand derart, dass ich bei der Ab¬
593 2825 3357 2961 fahrt mit 7 italienischen Commis voyageurs zusammengepfercht sass. Es
604 2954 3352 3133 war so unerträglich, dass ich eine Dame, die in einem andern Coupé ei¬
591 3061 3400 3241 nen Fenaterplatz innehatte, frug, wo sie aussteigen wolle. (Sie war Ita¬
599 3214 3227 3382 lienerin). Und als sie mir sagte: In Mestre, bat ich sie mir dann
600 3354 3389 3533 ihren Platz abzutreten, da sich in dem Coupé noch andere Weiblichkei¬
589 3482 3265 3611 ten befanden, was mir gemütlicher war. In diesem Coupé sass ich nun
580 3597 3344 3722 bis Pörtschach zu Acht, dann bis Wien zu Sechst. Die erste Klasse war
616 3733 3268 3897 leer, aber wie Du mich kennst, war mir leid ums Geld und ich dachte
583 3843 3225 4033 mir, ich werde schon durchhalten. Tels sprach ich eine Zeitlang im
576 3974 3341 4153 Gang. Sie hatten erste Klasse und so war das Zusammensein erschwert.
564 4122 3391 4313 Gegen Abend kam Rudi Prandau an meinem Coupé vorbei, erkannte mich, be¬
