<?xml version="1.0" encoding="UTF-8" standalone="yes"?>
<PcGts xmlns="http://schema.primaresearch.org/PAGE/gts/pagecontent/2013-07-15" xmlns:xsi="http://www.w3.org/2001/XMLSchema-instance" xsi:schemaLocation="http://schema.primaresearch.org/PAGE/gts/pagecontent/2013-07-15 http://schema.primaresearch.org/PAGE/gts/pagecontent/2013-07-15/pagecontent.xsd">
    <Metadata>
        <Creator>prov=READ-COOP:name=TrHtr:version=0.0.6:model_id=44522:date=25_11_2022_11:52</Creator>
        <Created>2022-11-17T16:35:35.809+01:00</Created>
        <LastChange>2022-11-25T11:52:36.163Z</LastChange>
        <TranskribusMetadata docId="1233893" pageId="50263562" pageNr="522" tsid="105032484" status="IN_PROGRESS" userId="40391" imgUrl="https://files.transkribus.eu/Get?id=WEDVPOCFDZNGFGUCMQRPXPID&amp;fileType=view" xmlUrl="https://files.transkribus.eu/Get?id=CKYSGWCBTIVWLRNTIDUOMPWU" imageId="41050665"/>
    </Metadata>
    <Page imageFilename="HIN-155550_0522.tif" imageWidth="3759" imageHeight="4723">
        <ReadingOrder>
            <OrderedGroup id="ro_1669749962606" caption="Regions reading order">
                <RegionRefIndexed index="0" regionRef="r1"/>
            </OrderedGroup>
        </ReadingOrder>
        <TextRegion id="r1" custom="readingOrder {index:0;}">
            <Coords points="557,103 557,2384 3647,2384 3647,103"/>
            <TextLine id="r1l1" custom="readingOrder {index:0;}">
                <Coords points="2273,504 2447,474 2585,521 2777,456 2914,510 3092,495 3092,394 2950,405 2878,365 2755,416 2642,387 2545,405 2392,355 2327,395 2273,373"/>
                <Baseline points="2292,467 2331,468 2370,469 2409,470 2448,470 2487,470 2526,470 2565,470 2604,470 2643,470 2682,470 2721,470 2760,470 2799,470 2838,469 2877,468 2916,468 2955,468 2994,468 3033,468 3072,468"/>
                <TextEquiv>
                    <Unicode>13.4.1928. Bl.2.</Unicode>
                </TextEquiv>
            </TextLine>
            <TextLine id="r1l2" custom="readingOrder {index:1;}">
                <Coords points="559,633 3393,644 3321,531 560,499"/>
                <Baseline points="576,596 715,596 855,597 995,599 1135,599 1275,600 1415,600 1555,602 1695,603 1835,603 1975,604 2114,605 2254,605 2394,606 2534,606 2674,606 2814,606 2954,606 3094,606 3234,606 3374,605"/>
                <TextEquiv>
                    <Unicode>nicht sehr unternehmungslustig - es reicht nicht einmal auf ein Kino-</Unicode>
                </TextEquiv>
            </TextLine>
            <TextLine id="r1l3" custom="readingOrder {index:2;}">
                <Coords points="562,745 3298,786 3298,702 3081,640 563,647"/>
                <Baseline points="579,726 714,728 849,729 984,731 1119,732 1254,732 1389,734 1524,734 1659,734 1794,735 1929,735 2064,735 2199,735 2334,735 2469,737 2604,737 2739,737 2874,738 3009,738 3144,740 3279,741"/>
                <TextEquiv>
                    <Unicode>ich denke eine halbe Stunde Spaziergang und ein Nachtmahl (in einem</Unicode>
                </TextEquiv>
            </TextLine>
            <TextLine id="r1l4" custom="readingOrder {index:3;}">
                <Coords points="549,888 2882,917 3361,891 3361,790 549,794"/>
                <Baseline points="566,855 704,857 843,858 982,860 1121,860 1259,861 1398,863 1537,864 1676,866 1814,866 1953,867 2092,869 2231,869 2369,870 2508,870 2647,872 2786,872 2924,872 3063,872 3202,872 3341,872"/>
                <TextEquiv>
                    <Unicode>Restaurant, nicht im Excelzior), - und ein frühes Schlafenlegen, das wird</Unicode>
                </TextEquiv>
            </TextLine>
            <TextLine id="r1l5" custom="readingOrder {index:4;}">
                <Coords points="563,1005 1020,1046 1085,999 1212,1051 1665,997 1828,1042 2154,1013 2155,966 564,893"/>
                <Baseline points="581,987 658,987 736,987 814,989 892,989 969,990 1047,990 1125,992 1203,992 1280,993 1358,993 1436,995 1514,995 1591,996 1669,996 1747,998 1825,998 1902,999 1980,999 2058,999 2136,1001"/>
                <TextEquiv>
                    <Unicode>das Ende dieses ersten Reisetages sein.</Unicode>
                </TextEquiv>
            </TextLine>
            <TextLine id="r1l6" custom="readingOrder {index:5;}">
                <Coords points="540,1134 3015,1186 3334,1141 3378,1022 540,1065"/>
                <Baseline points="558,1116 698,1118 838,1119 978,1120 1118,1121 1258,1122 1398,1124 1538,1125 1678,1125 1818,1127 1958,1128 2098,1128 2238,1130 2378,1130 2518,1131 2658,1131 2798,1133 2938,1133 3078,1133 3218,1134 3359,1134"/>
                <TextEquiv>
                    <Unicode>Du hattest gestern immer Thränen in der Stimme, als wir uns (nein, ein-</Unicode>
                </TextEquiv>
            </TextLine>
            <TextLine id="r1l7" custom="readingOrder {index:6;}">
                <Coords points="557,1247 2241,1331 3303,1313 3369,1201 557,1196"/>
                <Baseline points="573,1244 711,1245 850,1247 989,1249 1128,1250 1267,1252 1406,1253 1544,1254 1683,1256 1822,1257 1961,1257 2100,1259 2239,1259 2378,1260 2516,1260 2655,1262 2794,1262 2933,1262 3072,1263 3211,1263 3350,1263"/>
                <TextEquiv>
                    <Unicode>an der) beim Telefon Adieu sagten. Ich hoffe und wünschte aus tiefsten</Unicode>
                </TextEquiv>
            </TextLine>
            <TextLine id="r1l8" custom="readingOrder {index:7;}">
                <Coords points="537,1388 3473,1409 3473,1322 3223,1291 538,1327"/>
                <Baseline points="557,1374 701,1376 846,1379 991,1380 1136,1382 1281,1383 1426,1385 1571,1386 1716,1386 1861,1388 2006,1388 2150,1389 2295,1389 2440,1391 2585,1391 2730,1392 2875,1392 3020,1394 3165,1395 3310,1397 3455,1398"/>
                <TextEquiv>
                    <Unicode>Herzen, dass die Thränen aus Deiner Stimme und allen Weh aus deiner Seele</Unicode>
                </TextEquiv>
            </TextLine>
            <TextLine id="r1l9" custom="readingOrder {index:8;}">
                <Coords points="545,1552 3394,1536 3394,1463 3018,1417 546,1440"/>
                <Baseline points="564,1505 704,1506 845,1508 985,1509 1126,1511 1266,1512 1407,1514 1547,1515 1688,1517 1828,1518 1969,1519 2109,1520 2250,1521 2390,1523 2531,1524 2671,1524 2812,1526 2952,1526 3093,1526 3233,1527 3374,1527"/>
                <TextEquiv>
                    <Unicode>schwände.- Im übrigen könnt ich ja doch nur wiederholen, was ich so oft</Unicode>
                </TextEquiv>
            </TextLine>
            <TextLine id="r1l10" custom="readingOrder {index:9;}">
                <Coords points="546,1705 3391,1702 3392,1589 547,1549"/>
                <Baseline points="564,1637 704,1637 844,1638 985,1638 1125,1640 1266,1641 1406,1641 1546,1643 1687,1644 1827,1644 1968,1646 2108,1647 2248,1649 2389,1650 2529,1652 2670,1653 2810,1655 2950,1656 3091,1659 3231,1661 3372,1662"/>
                <TextEquiv>
                    <Unicode>gezagt habe -lass Dir die Innigkeit meines Wunsches als Beweis gelten,</Unicode>
                </TextEquiv>
            </TextLine>
            <TextLine id="r1l11" custom="readingOrder {index:10;}">
                <Coords points="546,1795 3282,1837 3236,1702 547,1686"/>
                <Baseline points="566,1764 700,1766 835,1767 970,1769 1105,1770 1240,1772 1375,1773 1510,1775 1645,1775 1780,1776 1915,1778 2049,1779 2184,1781 2319,1781 2454,1782 2589,1784 2724,1784 2859,1785 2994,1786 3129,1787 3264,1788"/>
                <TextEquiv>
                    <Unicode>dass Du mir so viel bist als nur ein liebes und geliebtes Wesen mir</Unicode>
                </TextEquiv>
            </TextLine>
            <TextLine id="r1l12" custom="readingOrder {index:11;}">
                <Coords points="552,1897 3197,1946 3187,1833 553,1817"/>
                <Baseline points="569,1896 699,1896 830,1898 960,1899 1091,1901 1221,1901 1352,1902 1482,1904 1613,1905 1743,1907 1874,1907 2004,1908 2135,1910 2265,1911 2396,1913 2526,1913 2657,1914 2787,1916 2918,1917 3048,1917 3179,1919"/>
                <TextEquiv>
                    <Unicode>sein kann. Denke meiner viel und einsichtsvoll - es ist nicht so</Unicode>
                </TextEquiv>
            </TextLine>
            <TextLine id="r1l13" custom="readingOrder {index:12;}">
                <Coords points="547,2089 877,2030 1416,2096 1591,2047 2145,2070 2319,2036 2320,1978 548,1947"/>
                <Baseline points="566,2027 652,2028 739,2029 826,2030 912,2031 999,2031 1086,2033 1172,2033 1259,2034 1346,2034 1433,2036 1519,2036 1606,2037 1693,2037 1779,2039 1866,2039 1953,2040 2039,2040 2126,2042 2213,2042 2300,2043"/>
                <TextEquiv>
                    <Unicode>schlimm mit mir. Ich umarme Dich zürtlich.</Unicode>
                </TextEquiv>
            </TextLine>
            <TextLine id="r1l14" custom="readingOrder {index:13;}">
                <Coords points="1403,2174 1464,2197 1533,2177 1565,2196 1587,2189 1616,2212 1695,2217 1710,2203 1757,2201 1760,2114 1687,2116 1655,2086 1626,2096 1615,2085 1531,2112 1506,2093 1404,2112"/>
                <Baseline points="1422,2162 1448,2165 1475,2166 1501,2166 1528,2168 1554,2168 1581,2168 1607,2168 1634,2169 1660,2169 1687,2171 1713,2171 1740,2174"/>
                <TextEquiv>
                    <Unicode>Dein A.</Unicode>
                </TextEquiv>
            </TextLine>
            <TextLine id="r1l15" custom="readingOrder {index:14;}">
                <Coords points="1496,2380 1558,2374 1569,2385 1609,2360 1641,2360 1721,2404 1742,2386 1782,2380 1784,2242 1747,2238 1700,2281 1660,2281 1624,2306 1566,2280 1497,2275"/>
                <Baseline points="1515,2348 1540,2349 1565,2351 1590,2351 1615,2352 1640,2352 1665,2352 1690,2352 1715,2351 1740,2351 1766,2352"/>
                <TextEquiv>
                    <Unicode>- - -</Unicode>
                </TextEquiv>
            </TextLine>
            <TextLine id="r1l16" custom="readingOrder {index:15;}">
                <Coords points="3556,253 3574,252 3604,277 3632,251 3665,255 3662,106 3644,106 3630,92 3619,99 3589,71 3553,72"/>
                <Baseline points="3572,203 3597,207 3622,205 3647,203"/>
                <TextEquiv>
                    <Unicode>97</Unicode>
                </TextEquiv>
            </TextLine>
            <TextEquiv>
                <Unicode>














</Unicode>
            </TextEquiv>
        </TextRegion>
    </Page>
</PcGts>
