3440 4795
414 273 3318 432 Kopien einiger Stellen aus A. S. Tagebüchern, die mir seine Secretärin
229 401 3371 538 Frieda P. im Sommer 1933 einschickte, als sie im Somner 1933 mit der Abschrift
234 537 3283 607 beschäftigt war, weil die betreffenden Stellen sich auf mich bezogen viel¬
242 576 3321 675 mehr auf unsere allererste Begegnung an Iten Jänner 1896 im Hause Benedikt
243 652 2049 758 und auf den sich daraus ergebenden Verkehr.
254 775 3334 879 (Die von Frieda selbst angefertigten Original-Kopien liegen in dem andern
282 864 1897 968 Exemplar dieses Werkes, im Safe in Wien)
197 893 2193 1034 Die gekürzten Namen bezeichnen folgende Personen:
205 1009 1881 1171 Cl.L ist mein Mädchen-Name Clara Loeb
208 1085 2575 1236 R. Str. Risa Strisover später Horn
189 1135 2918 1307 M. B. Minnie Benedikt später Schafgotsch.
616 1209 1564 1356 Tagebuchaufzeichnungen.
207 1271 3178 1404 I. Jänner: Buffet bei Benedikt.- Kleines Mädel mit blitzenden Augen CL. L.
218 1349 3232 1485 Ich : "Ich kenne Sie". Sie: "Gewis, weil ich Sie immer anlache, wenn wir
220 1421 3288 1543 uns auf der Strasse begegnen? Ich trank Champagner mit Cognac. Angenehmes Ge-
224 1504 3257 1613 fühl befriedigter Eitelkeit. Das kleine Mädel entzückt mich. Sie verspricht
213 1594 2760 1691 mir selbstverfasste Sachen zu schicken und ist sehr zutraulich.
199 1676 1997 1831 16ten Februar: Bei L's mit Ar. K. zusammen.
271 1812 3288 1958 5ten III Bei Cl. L. dieses liebe kleine Mädel, mit grossen Augen, das mir
229 1904 3266 2016 letztneulich sehr bemerkenswerte Novelle geschickt hat. Viel Sehnsucht nach
214 1977 2443 2079 Freiheit und sicher Talent. Ich begleite sie zum singen.
225 2080 3204 2218 15ten III 1896 zu Strisover, Um 12 zwischen Cl. L und Risa Str. gesessen.
229 2143 3266 2276 Cl. erzählte mir ihre Stoffe mit blitzenden Augen, und sehr ernst. Risa ei-
213 2232 2644 2354 fersüchtig und heiss.- Minnie B. am selben Tisch sympathisch.
697 2330 2783 2473 Nach dem Sommer in dem wir uns nicht gesehen hatten
257 2413 3220 2548 10 ten 12 ten bei Str., wo mir Cl. ihren neuen Stück- Plan erzählte und
229 2515 1534 2640 von ihrer Liebe zu Boris sprach.
225 2604 2761 2766 13 ten 12 ten zu Loebs, w ich mit Minnie angenehm plauderte.
239 2738 3186 2882 15 ten 12 ten Abends waren Saltea, Hage und Hugo (Hofmannsthal) da, den
236 2838 3361 2948 mir Prolog zu CL. L's " MIMI " vorlas. Auch Leo Fanjung und Richard. (Beer-
231 2913 1583 3028 Hofmann gemeint) und Schwarzkopf.
247 3049 3307 3149 17 ten 12 ten bei Benedikts, wo ich mit Minnie plauderte. Clara und Anna L.
224 3108 1013 3243 Baron Paumann sang.
233 3233 2144 3352 27 ten 12. bei Kleins. Die Loeb- Mädeln. Nett.
235 3346 3012 3514 1897 14 ten. Bei Str. Clara L., die sehr nett war sagte mir "du".
237 3477 1571 3627 17 ten I. bei Loebs " Praterfest"
230 3606 1994 3771 24 ten zu Loebs wo Clara mir Stoffe erzählte
248 3716 3366 3868 27 ten II bei Loebs. Auch Hugo (Hofmannsthal) Clara las ihr Stückerl für den
232 3835 2520 3957 nächsten Gesellschafts - Abend vor, den sie dort geben.
244 3920 3363 4074 14 ten II bei Loebs zu Tisch. Anna las eine eigene Novelette vor. Clara sang.
234 4049 1423 4152 Marie Rosenthal. (Mahlerin).
241 4143 3356 4279 18 ten II bei Benedikt Cl. L. dort. Will geliebt sein- möchte auch mit mir
242 4262 572 4374 fort...
247 4345 3368 4485 21 ten II. Bei Loebs. Ein reizendes Stückerl von Clara mit den Mädeln aufge-
240 4480 500 4616 wurde
