3787 4667
623 287 1184 427 Tgb. 8.8.1929.
658 462 3580 603 Am Abend nach langer Zeit Herry mit meinem Schwiegervater zum Nachtmahl.
623 634 2803 777 Ganz nett, aber kein Wort über Nachzeit oder Braut.
616 834 3490 946 9.8.Mit A. und Schinnerer am Gobenzl genachtmahlt. A. sieht besser aus
621 926 1810 1109 und ist in besserer Stimmung.
615 1127 3369 1321 10.8. Abend mit A. im Kino "Scharlstan". Blödes Zeug. Dann zufällig
610 1236 3524 1387 Alice Schnutzer und Tochter getroffen. Im Türkenschanzpark genachtmahlt.
619 1389 1219 1540 Heitere Witwe.
611 1569 3478 1726 11.8. Mit Cary Mittag Meisl und Schadn gegessen. Angenehmes gutes Zu-
625 1728 1091 1863 sammensein.
613 1854 3501 1994 Abend mit A. bei "Revolte im Erziehungsheim" von Lampl. Es ist richtig,
606 1983 3509 2146 dass solche Dinge auf der Bühne zur Sprache kommen, aber natürlich keine
603 2123 2132 2294 Dichtung und ohne literarischen Wert.
596 2328 3479 2478 14.8. Gestriger Abend mit Herry, Carry, Mädi, Fürchterliches Zusammen ein.
602 2443 3538 2553 In der Früh Anruf A. Die C. hat gestern geschrieben, sie habe das Bedürf-
613 2593 3535 2752 nis ihn zu sehen, will am 13.9., Lilis Geburtstag, mit ihm zusammentreffen.
1003 2658 1235 2750 daher
592 2688 1902 2866 Unsere Reise wieder limitiert.
593 2877 3423 3006 15.8.Vorm. A. auf eine halbe Stunde bei mir, redet mir zu am Abend hi-
599 3021 1207 3164 hüberzukommen.
599 3122 3397 3335 Abend also drüben mit Heini und Schinnerer. Heini sehr liebenswürdig,
601 3271 3559 3415 aber das genügt eben nicht. Hat sehr schön Klavier gespielt (Strawinsky).
582 3438 3493 3593 Schinnerer sagte mir, als er mich heimgeleitete, viel Lobendes über meine
600 3537 3072 3731 Arbeiten, die er gelesen hat. "Sie erinnern ihn an Schnitzler."
598 3714 3331 3895 16.8. Vorm. Stadt. Bin müde und verstimmt, habe Angst vor der Reise.
580 3889 1817 4025 Erwarte Cary zum Nachtmahl.
591 4057 3386 4223 17.8. Mit Carry viel über Herry gesprochen. Der Bursch ist unmöglich.
589 4186 3402 4356 Jetzt will er, dass ich die Wechselschuld von 350 S. zahle und er Mädi
3549 122 3681 265 253
