3755 4682
1835 418 2585 575 Berlin, 11.2.1926.
645 605 3382 748 Mein Liebes, von vorgestern Dienstag ist noch nachzutragen, dass Bar¬
649 790 3420 903 nowsky mir sehr beweglich sein (körperliches) und finanzielles Leid
655 912 3362 1037 geklagt hat, - und nur die Möglichkeit seiner Rettung in der "Else"
696 1030 3463 1165 zu sehen glaubt. Ich halte den Plan für durchführbar -
649 1163 3535 1309 die Inzenierung für eine lösbare Aufgabe - und zweifle hauptsäch-
690 1292 3372 1398 lich an der Eignung B.'s für für die Angelegenheit (woraus ich ihm
629 1416 3414 1572 kein Hehl machte. Elisabeth Bergner ist angeblich Feuer und Flamme -
652 1519 3373 1678 ich habe erst morgen Gelegenheit zu einer Besprechung zu Dritt; und
645 1666 3485 1817 zwar beim Kultusminister; resp. vorher; heute sehe ich nur Barnowsky.-
675 1792 3368 1972 Vorgestern nach Barnowsky bei Heini, der noch immer heiser und bett-
648 1931 2978 2084 lägerig; dann zu Dora; dort genachtmahlt (Dr.M. aus Wien zu
637 2077 3044 2207 nach dem Nachtmahl kam Maria Fein - die der Aurelie wegen aus
618 2196 3151 2318 Spuren bleibt. Eine kluge, freilich sehr betrebte Person und
622 2306 1911 2461 Wesensart gewiss keine Aurelie.
616 2468 3356 2596 Den gestrigen Tag: allerlei telefonische Gespräche; darunter 3 mit
669 2565 3384 2720 einer Dame, die durchaus meine Hand modellieren oder zeichnen will.-
626 2690 3407 2859 Bank,Feilchenfeld am Vorm., ein Vertreter, Herr Neurath,rath (auch Dir)
609 2859 3320 2999 nichts zu verkaufen, sondern eher, wenn man Bargeld benöthigt, zu be¬
616 2975 3431 3115 lehnen. - Zu Heini. Er kann auch Freitag (en Max noch nicht spielen; -
620 3111 3309 3248 hofft in jedem Falle Sonntag; - so wäre es möglich, dass ich Samstag
615 3271 3376 3394 nach Dresden fahre, um Herodes und Marianne zu sehn und Sonntag wie¬
617 3390 3303 3515 der nach Berlin. Das hängt noch ab von einem Depeschenmechsel nach
621 3495 3343 3631 Dresden Reucke. Zu Fischer, dort Mittagessen mit Jakob Schaffner und
610 3626 3333 3777 Frau. Hauptgespräch: Mussolini-Stresemann.- Ins Hotel. "Weiher" für
605 3777 3491 3909 Fischer fertig gemacht. Geschäftliche Briefe aus Wien erledigt. Telefo¬
622 3925 3484 4060 nisches. Zu Heini. Von dort mit O. in ein Restaurant, wo wir mit Stein¬
600 4062 3286 4197 rück und Frau nachtmahlten. Er spielt wieder und sein Aussehen ist
588 4187 3328 4346 nicht übel. Lili war zu Dora zu einer kleinen Tanzerei geladen (mit
