3759 4687
164 99 283 226 16
1492 83 3208 296 original im Bett geschrieben.
3490 95 3633 312 24.
593 230 1696 411 Tagebuch Montag 31. August.
588 400 3372 503 Ich liege wieder zu Bett nachdem ich gestern schon bei A. drüben war.
588 523 3369 660 Ein entsetzlicher Abend, denn ich konnte meine Haltung nicht bewaren.
580 667 3587 782 Samstag war Dr D. bei mir und redete mir zu Freundschaft Frei-
583 767 3468 915 heit auf beiden Seiten, d. h. für A. und für michohne Rechenschaft ab-
591 903 3535 1040 geben zu müssen anzu bieten, er verspreche sich sehr viel von dieser Be-
580 1000 3476 1186 reitwilligkeit, und ich glaubta oder hoffte innerlich dass A. nicht da-
586 1153 3385 1307 rauf eingehen wird. Gestern Sonntag ehe ich zum erstemmal aufstand
593 1261 3466 1437 um zu A. hinuberzugehen telefonierte mir Dr. D. von seinem Onkel aus,
599 1427 3506 1557 er sei mit meinem Vorschlag einverstanden und man erwarte mich zum Nacht
595 1534 3521 1728 mal. Ich hätte nicht gehen sollen, aber die Pflegerin redete mir so zu
600 1703 3384 1827 und ich wollte nicht in letzter Minute absagen. Aber als ich dort war
597 1812 3459 1957 vermochte ich nicht A. die Hand zu reichen, entzog sie ihm bei der Be-
589 1953 3418 2087 grüssung und damit war die Stimmung des Abends erledigt. Fühlt denn A.
587 2092 3465 2231 nicht welche Schmach es für mich ist dass er auf so eine Vereinbarung
602 2201 3550 2373 scheinbar eingeht? Und was soll eine solche Beziehung - was soll sie seit
626 2327 1155 2452 einem Jahr--
597 2453 3478 2594 Und dabei sieht er aus dass es einem das Herz zerreisst. Ich möcht gut
609 2578 2967 2713 zu ihm sein trotz Allen aber er macht es einem unmöglich.
586 2702 3557 2874 Und Freitag Abend (in der ersten Rührung offenbar) sass er an meinem Betr.
596 2865 3447 3002 wir hielten uns innig umschlungen nach langer langer Zeit und er schwor-
589 2984 3418 3140 bei Aßlem was ihm heilig ist ( ohne dass ich etwas gefragt oder gesagt
586 3116 3545 3222 hatte (Niemand stehe ihm näher als ich, ich verwechsle immer ursache und
588 3266 3429 3398 Wirkung (die Ursache sein Alter) etc er schwur dass er in die Cl. nie
584 3386 3406 3490 verliebt war, selbst in der mehr als harmlosen Beziehung zur Vilma L.
593 3492 2825 3632 seinerzeit sei noch eher ein Hauch von Erotik gewesen-
600 3649 3341 3779 Warum dieser Schutz seines Privat- Lebens wenn er so "alt "ist, was
607 3757 3462 3883 fürchtet er? Ich weiss nicht was das Alles bedeuten soll, was man von
590 3914 3554 4057 mir will ob Dr. D. mich nicht aus irgend einem mir noch nicht klaren Grund
585 4033 3511 4198 Grund hineinlegen wollte und sich ärgert dass es ihm nicht gelungen ist.
583 4162 1701 4310 Denn er ist böse auf mich--
