3686 4670
578 240 1262 418 An A.S.,Venedig.
2020 286 2669 445 Wien, 28.4.1927.
566 503 1097 711 Mein Liebes,
1097 632 3312 826 heute bin ich noch ohne Nachricht von Dir, aber ich will
553 829 3289 980 Dir doch noch rasch ein paar Zeilen schreiben, damit Du sie noch vor
570 902 1577 1069 Deiner Abreise erhältst.
1131 1098 3299 1225 Ich bin heute endlich aufgestanden. Diese 11 Tage, die
572 1217 3383 1362 ich jetzt zu Bett war, haben mich viel mehr hergenommen, als die ersten
547 1344 3382 1500 Anfälle. Ich sehe unbeschreiblich schlecht aus und bin ordentlich er-
574 1483 3257 1631 schrocken, als ich mich im grossen Spiegel erblickte. Ich habe noch
565 1608 3294 1756 nie so ausgesehen und hoffe nur, dass ich mich bis Sonntag ein bisl
568 1758 3211 1883 erhole, damit Du nicht gar zu entsetzt bist. Schliesslich esse ich
564 1861 3260 1996 seit einer Woche nichts als in Balzwasser gekochtes und passiertes
550 1986 2756 2117 Gemüse und fettlose Mehlspeisen. Da muss man abnehmen.
1109 2104 3410 2269 Heute rief mich wieder der unvermeidliche Byk an, um mich
563 2253 3392 2403 für den 4.Mai zu einem Tee mit Gisela, Emy Sachs und Gretl Königswarter
559 2370 3299 2539 zu laden. Ich sagte ihm, dass ich bei meinem Gesundheitszustand vor-
562 2514 3226 2628 läufig nichts bestimmen könne und so verlegte er das Fest auf eine
556 2642 3431 2789 Woche später. Ich habe vorläufig und nachläufig wirklich andere Sorgen.
556 2760 3320 2929 Gestern war ich wieder den ganzen Nachmittag und Abend allein. Heute
545 2855 3305 3051 Nachmittag erwarte ich Frau Rabelbauer, mit der ich wohl zwei Stunden
545 3033 3425 3177 zu tun haben werde. Wie ungeduldig ich den Sonntag und Dich (erbeisehne,
523 3150 3305 3276 brauche ich Dir wohl nicht erst zu sagen. Ich hoffe sehr, dass Du die
546 3296 3276 3459 Wohnungsfrage in Venedig vor Deiner Abreise erledigt hast und diese
565 3394 1228 3555 Sorge los bist.
1087 3532 3395 3716 Gute Fahrt, mein Lieber, und auf ein gutes Wiedersehen. Ich
535 3647 1217 3805 küsse Dich sehr.
1204 3792 1665 3951 Deine C.K.
3494 90 3599 208 21
