3686 4686
1991 338 2643 496 Wien, 30.4.1928.
546 356 1378 510 An A.S. Mittelmeer.
537 529 970 684 Liebster,
926 663 3373 794 erst heute Mittag erhalte ich auf einmal Deine beiden langen
572 796 3416 969 Briefe aus Constantinopel und zwei Karten. Ich hatte seit Athen nichts
580 932 3371 1061 von Dir gehört. Ich bin sehr erstaunt, dass Du nach Venedig fährst und
612 1064 3413 1205 sende diese Grüsse nach dorthin, obwohl Du vielleicht schon fort bist,
570 1182 3294 1318 wenn sie eintreffen. Dir brieflich noch etas zu erzählen hat keinen
582 1311 3380 1455 Sinn mehr und ich wünsche Dir nur noch eine sehr gute Heimfahrt. Hof-
550 1459 3369 1579 f entlich bist Du sehr erholt und mit der ganzen Reise sehr zufrieden.
563 1596 3414 1703 Du fährst wohl, während ich diese Zeilen schreibe, in Triest ein und ich
573 1738 2329 1860 wünsche Dir Sonnenschein für Deine Ankunft.
1201 1856 3095 1972 Auf gutes Wiedersehen und herzliche Umarmung.
1519 1982 1987 2111 Deine C.K.
3482 104 3566 267 49
