3759 4667
2449 246 3226 415 7.8.1925. Bl.2.
615 465 3430 615 ersiehst, Überfüllt, hat Übrigens ein etwas höheres Niveau als wir nach
572 571 3381 722 dem ersten Eindruck vermuteten. Es fehlt nicht an einer "Bar" (mit vier
1487 700 3393 875 und Musik 1/4Trio). Und gestern produzierte sich
575 741 1370 880 Tischchen 1, Tanze
554 857 3504 1020 eine 12jährige Tänzerin (der ich in ihr Album einige Worte der Anerken -
580 976 3418 1105 nung hineinschreiben musste - Das xxx Essen ist mässige österreich-
1365 1097 1501 1176 ein
592 1112 3424 1243 sche Küche, die Bedingung vorzüglich die Wirtsleute höchst zuvorkommend.
562 1264 3386 1404 Das Publikum indifferent.- Heute ein strahlender Tag; - Heini,Lili und
574 1379 3427 1497 Fräulein Noni Graf mit Führer auf den Latemar; die Andern alle ich, O.,
582 1510 3479 1674 die 3 Lichtensterns, Frau Koppel und Tochter 2stündiger Spaziergang; auf
554 1658 3268 1791 die Ustertaghütte. In der Ferne die Rosengartengruppe, wo (in dieser
584 1807 3404 1910 Alpenhütte) gegessen wurde. Wundervolle Ausblicke, köstliche Luft, Aus-
628 1921 3393 2057 ruhen auf Wiesen. Es gab keinerlei Fragen bisher, keiner lei Gespräch,
594 2040 3399 2168 das Über das durch die Umstände gegebene hinausging. Zugleich mit uns
750 2130 1006 2221 traf
596 2164 3321 2295 (wir kamen alle in der gleichen Minute vor der Hotelthüre ein) kamen
635 2291 3386 2429 die Kinder vom Latemar zurück. Jetzt habe ich gebadet, Ordnung gemacht
595 2426 3323 2595 und will diesen Brief, der dann morgen Früh mit der ersten Post nach
585 2551 2108 2708 Bozen hinuntergeht, ins Bureau tragen.
633 2686 3358 2794 Und danke Dir tausend Mal für Deinen lieben schönen Brief aus Riva.
590 2808 3442 2965 Deine Korrespondenzkarte und Dein Telegramm habe ich natürlich noch in
2048 2918 2449 2996 programme
599 2930 3452 3069 Wien bekommen. Von meinem weiteren Tagesan werde ich Dir wohl morgen
631 3087 3407 3229 oder übermorgen berichten können. Vorläufig halte ich daran fest mit
633 3217 1715 3378 Heini am 15. fortzureisen.
613 3346 3346 3464 Ich küsse Dich zärtlich mein Liebes und bitte Dich auch weiterhin so
604 3460 2998 3596 "unbedeutende" Briefe zu schreiben wie bisher. Dein Arthur.
1703 3623 1985 3735 - - - - —
3491 144 3641 298 187
