<?xml version="1.0" encoding="UTF-8" standalone="yes"?>
<PcGts xmlns="http://schema.primaresearch.org/PAGE/gts/pagecontent/2013-07-15" xmlns:xsi="http://www.w3.org/2001/XMLSchema-instance" xsi:schemaLocation="http://schema.primaresearch.org/PAGE/gts/pagecontent/2013-07-15 http://schema.primaresearch.org/PAGE/gts/pagecontent/2013-07-15/pagecontent.xsd">
    <Metadata>
        <Creator>prov=READ-COOP:name=TrHtr:version=0.0.6:model_id=44522:date=25_11_2022_11:52</Creator>
        <Created>2022-11-17T16:35:31.247+01:00</Created>
        <LastChange>2022-11-25T11:52:30.139Z</LastChange>
        <TranskribusMetadata docId="1233893" pageId="50263487" pageNr="498" tsid="105032453" status="IN_PROGRESS" userId="40391" imgUrl="https://files.transkribus.eu/Get?id=HGLBRXEVSYKCJPRQDHJFWVNJ&amp;fileType=view" xmlUrl="https://files.transkribus.eu/Get?id=VTRHQTHBLNEIPVBLPZPOBTUP" imageId="41050590"/>
    </Metadata>
    <Page imageFilename="HIN-155550_0498.tif" imageWidth="3770" imageHeight="4714">
        <ReadingOrder>
            <OrderedGroup id="ro_1670241785933" caption="Regions reading order">
                <RegionRefIndexed index="0" regionRef="r1"/>
            </OrderedGroup>
        </ReadingOrder>
        <TextRegion id="r1" custom="readingOrder {index:0;}">
            <Coords points="549,280 549,1577 3416,1577 3416,280"/>
            <TextLine id="r1l1" custom="readingOrder {index:0;}">
                <Coords points="2123,402 2205,368 2504,396 2557,353 2942,387 2977,379 2976,276 2876,302 2783,264 2737,286 2630,234 2424,287 2292,232 2121,220"/>
                <Baseline points="2139,365 2182,366 2225,366 2268,366 2311,366 2354,366 2397,365 2440,363 2483,363 2526,362 2570,360 2613,360 2656,359 2699,358 2742,357 2785,357 2828,357 2871,357 2914,359 2958,360"/>
                <TextEquiv>
                    <Unicode>30.11.1927 Bl.2</Unicode>
                </TextEquiv>
            </TextLine>
            <TextLine id="r1l2" custom="readingOrder {index:1;}">
                <Coords points="532,619 3030,599 3265,578 3324,470 531,537"/>
                <Baseline points="549,585 686,584 824,584 962,582 1100,581 1238,579 1376,578 1513,575 1651,573 1789,572 1927,569 2065,567 2203,564 2341,563 2478,561 2616,558 2754,557 2892,555 3030,553 3168,552 3306,551"/>
                <TextEquiv>
                    <Unicode>Bedienung ausgezeichnet; - aber allzusehr Betrieb und Unruhe (von der</Unicode>
                </TextEquiv>
            </TextLine>
            <TextLine id="r1l3" custom="readingOrder {index:2;}">
                <Coords points="550,744 3393,717 3392,603 549,652"/>
                <Baseline points="567,717 707,716 847,714 988,713 1128,711 1269,710 1409,708 1549,707 1690,705 1830,703 1971,701 2111,699 2251,698 2392,696 2532,695 2673,692 2813,690 2953,689 3094,687 3234,686 3375,684"/>
                <TextEquiv>
                    <Unicode>man im Zimmer freilich nichts spürt). Die Abgeschlossenheit, - gegenüber</Unicode>
                </TextEquiv>
            </TextLine>
            <TextLine id="r1l4" custom="readingOrder {index:3;}">
                <Coords points="544,880 3092,865 3319,770 543,787"/>
                <Baseline points="561,846 705,846 849,845 993,845 1137,843 1281,842 1425,840 1570,839 1714,837 1858,834 2002,833 2146,831 2290,830 2435,827 2579,825 2723,824 2867,822 3011,821 3155,819 3300,819"/>
                <TextEquiv>
                    <Unicode>dem Klimbacherschen Schallrohr, in dem ich in Wien wohne, empfinde ich</Unicode>
                </TextEquiv>
            </TextLine>
            <TextLine id="r1l5" custom="readingOrder {index:4;}">
                <Coords points="551,1005 3342,1019 3434,1004 3433,869 550,916"/>
                <Baseline points="570,978 712,977 854,975 996,974 1139,973 1281,971 1423,969 1566,968 1708,966 1850,965 1993,963 2135,962 2277,960 2419,959 2562,957 2704,956 2846,954 2989,953 3131,953 3273,951 3416,951"/>
                <TextEquiv>
                    <Unicode>wie immer in den ersten Berliner Tagen als nervenbennungend. Für heute,</Unicode>
                </TextEquiv>
            </TextLine>
            <TextLine id="r1l6" custom="readingOrder {index:5;}">
                <Coords points="535,1133 1141,1169 1987,1089 2535,1144 2556,1037 1519,987 1225,1058 1025,982 534,1051"/>
                <Baseline points="551,1107 650,1107 749,1108 848,1107 948,1107 1047,1107 1146,1106 1246,1104 1345,1103 1444,1101 1544,1101 1643,1100 1742,1098 1841,1097 1941,1095 2040,1094 2139,1092 2239,1092 2338,1091 2437,1091 2537,1089"/>
                <TextEquiv>
                    <Unicode>meinen Liebes, Lebewohl und einen sehr innigen Kuss.</Unicode>
                </TextEquiv>
            </TextLine>
            <TextLine id="r1l7" custom="readingOrder {index:6;}">
                <Coords points="1581,1295 1627,1290 1671,1259 1699,1257 1718,1239 1756,1255 1803,1246 1805,1171 1773,1177 1756,1159 1728,1158 1714,1147 1652,1166 1628,1140 1586,1135"/>
                <Baseline points="1599,1224 1625,1221 1652,1223 1678,1224 1705,1227 1731,1227 1758,1227 1785,1226"/>
                <TextEquiv>
                    <Unicode>Dein</Unicode>
                </TextEquiv>
            </TextLine>
            <TextLine id="r1l8" custom="readingOrder {index:7;}">
                <Coords points="1790,1409 1843,1413 1851,1420 1872,1399 1911,1406 1911,1249 1858,1260 1843,1253 1819,1274 1790,1274"/>
                <Baseline points="1808,1358 1837,1358 1866,1358 1895,1358"/>
                <TextEquiv>
                    <Unicode>A.</Unicode>
                </TextEquiv>
            </TextLine>
            <TextLine id="r1l9" custom="readingOrder {index:8;}">
                <Coords points="1754,1546 1796,1557 1814,1543 1842,1550 1875,1539 1896,1554 1942,1561 1974,1540 2038,1543 2038,1494 1974,1483 1917,1450 1900,1461 1885,1454 1850,1475 1814,1461 1754,1468"/>
                <Baseline points="1773,1535 1800,1536 1828,1536 1855,1536 1883,1535 1910,1535 1938,1535 1965,1535 1993,1536 2021,1539"/>
                <TextEquiv>
                    <Unicode>....</Unicode>
                </TextEquiv>
            </TextLine>
            <TextEquiv>
                <Unicode>







</Unicode>
            </TextEquiv>
        </TextRegion>
    </Page>
</PcGts>
