3771 4618
509 244 1122 452 Tgb. 1.6.1931.
509 462 3484 619 bischen Rücksicht nehmen muss, wenn er, wie er immer wieder betont, tatzäch-
512 625 3334 770 lich der Ansicht ist, dass A. mich braucht. Es sei mir lieber die Frau
512 730 3476 853 kommt her, als er trifft sie irgendwo anders und er solle es abwenden, dass
511 869 3445 1007 mir noch mehr zugemutet wird, denn ich sei mit meinen Nerven einfach fer-
513 970 3529 1129 tig. Wenn ich als quantité negligable aufgefaast werde, dann gehe ich einfach
505 1143 3364 1271 davon. Daraufhin wurde er grob, erklärte, das sei eine Erpressung und ich
516 1238 3393 1383 drohe und halse ihm Verantwortungen auf, - bis ich weinend zusammenbrach.
511 1407 3479 1569 Es ist ja ganz unnütz diesem 35jährigen Menschen plausibel machen zu wol-
516 1503 3431 1644 len, was in mir vor geht und es ist so beschämend zu solchen Menschen Zu-
513 1634 3417 1814 flucht nehmen zu müssen. Erst als ich ihm nach einer Gesprächspause, die
513 1758 3368 1964 durch einen telefonischen Anruf entstand, erklärte, dass es sehr Unrecht
520 1893 3428 2086 von mir war, ihn mit dieser Bitte zu belästigen, ich bitte ihn jetzt Heini
513 1999 3485 2145 nichts mehr zu sagen, den Dingen ihren Lauf zu lassen und sich nur der Ge-
513 2167 3398 2333 sundheit seines Onkels mehr anzunehmen.-lenkte er ein, erklärte, er müsse
507 2287 3490 2447 jedesfalls mit Heini über den Zustand seines Vaters sprechen und er werde
513 2438 3552 2595 ihm auch ohne mein Einverständnis sagen, dass er mich als eine Notwendigkeit
511 2592 3509 2729 für meinen Vater ansehe und er auf einer Reise bei niemand besser aufgeho-
492 2698 3396 2818 ben sein könnte, als bei mir. Wir reichten uns schliesslich versöhnt die
2348 2795 2573 2874 halbe
501 2792 3345 2970 Hände. Ich war so verheult, dass ich erst eine Stunde herumlaufen
506 2956 3414 3126 musste, ehe ich zu Otto und Emmy ging bei denen ich den Abend verbrachte.
495 3080 1656 3235 Was für gute liebe Menschen.
499 3232 3407 3361 2.6. Ich hatte gestern ein Rohkost-Kochbuch in der Stadt besorgt und mir
498 3348 3425 3461 in dem entsprechenden Geschäft entsprachende Ratschläge geben lassen und
482 3465 3473 3628 rief um 10 Uhr nachhause gekommen A. noch an, um mich nach seinem Befinden
488 3592 3378 3743 zu erkundigen (das er mir Nachmittag als elend geschildert hat) und ihm
504 3739 3374 3849 über diese Diät (für die er sich interessiert hat) zu erzählen. Ich war
493 3873 3390 4011 sehr herzlich und freundlich, er mehr kurz angebunden, sagte nicht einmal
504 3982 2008 4142 "danke" oder dass eshett von mir sei.
485 4118 3382 4264 Heute Früh telefonierte er mir sehr kurz, dass er Vormittag in die Stadt
494 4284 3440 4430 gehe und ob ich auch hinein will. Ich sagte, ich hätte noch kein Programm.
3541 113 3684 296 181
