3759 4707
2089 267 2817 422 26.12.26. Bl.2.
770 473 2719 587 Zimmer leuchten noch die elektrischen Flammen.-
780 581 3265 724 Nun, mein Liebes, muss ich mich fertig machen, um Herrn Fleck
786 742 3281 856 würdig zu empfangen. Heini hab ich mir als "Zeugen" aber her-
780 867 2271 1026 bestellt. Abend Lulu, morgen Hamlet..
769 1001 3400 1106 Lebwohl, friere nicht zu sehr (sei nicht geizig) und sei zärtlich
774 1130 1087 1251 umarmt.
1601 1240 1833 1396 Dein
1871 1361 1917 1494 A
1746 1508 1991 1632 - - - —
3499 98 3649 270 358
