3674 4694
2759 321 3124 517 18.8.27.
532 516 3395 643 Man sitzt beisammen, tratscht, fühlt den Puls,neckt sich ein bisl,bummelt
528 665 3410 789 durch den Park und sitzt gegen Abend bei den Glashäusern, von wo man die
517 778 3257 909 schönste Aussicht über die Wiesen und Felder bis zum Bachergebirge
521 878 3449 1030 hinüber hat und lässt sich von den letzten Strahlender Sonne bescheinen.
525 1051 3284 1182 Die Landschaft ist lieblich, das Bild einer gesegneten Landwirtschaft
522 1181 3299 1321 und ich gebe zu, dass speziell hier das Schloss, der Park mit den zwei,
520 1294 3337 1416 von grünen Linsen, wie von Moos überwucherten Teichen, den wundervollen
525 1452 3403 1564 uralten Bäumen die stärkste Wirkung auf mich ausüben. Die Abendbeleuch-
531 1565 3319 1678 tung in dem weissen Kreuzgang, der rings um den Schlosshof geht und in
521 1704 3291 1864 den alle Räume münden, ist märchenhaft. Ich freue mich Dir mehr davon
562 1834 3491 1977 zu erzählen. Und ich möchte mich auf unser Zusammensein freuen, ich nöch-
523 1932 3426 2064 te, dass es ein gutes und schönes wird.- In diesem Sinn umarme ich Dich
519 2071 1468 2229 in Gedanken sehr innig.
1480 2185 1938 2362 Deine C.K.
3490 94 3573 272 43
