3742 4662
2295 245 3475 409 15.1.1925.Hotel Regina, Wien.
2383 372 2589 512 nach
561 526 3428 633 Liebster, erhalte soeben Deinen Bericht vom 13. aus Freiburg, freue mich,
587 647 3288 782 dass Du mit Erfolg, Befinden etc. zuffieden bist.- Ich bin fürmalle
570 773 3334 905 Menschen (ausser meinen Sohn Karl) für zwei Tage nach Mödling gefah-
581 929 3286 1041 ren, nämlich gestern und heute. In Wahrheit aber sitze ich in meinem
567 1052 3460 1161 Zimmer und arbeite. Gestern war ich nur eine halbe Stunde fort. Ich bin
585 1163 3272 1328 in der neuen Novelle schon recht weit gekommen und glaube in einer
620 1302 3344 1405 Woche fertig zu sein. Es ist die erstet Erzählung, die nichts mit mir
582 1413 3273 1586 bekannten Wesen, nichts mit Erinnerungen und inneren Erlebnissen zu
570 1590 3390 1727 tun hat - nur Erfindung und Gestalt. Es macht mir mehr Vergnügen als
567 1663 2534 1842 ich dachte, und ich hoffe, es wird nicht schlecht.
563 1782 3371 1957 Um mich auszurhen las ich dazwischen Hofmannsthal. "Frauohne Schatten".
576 1962 3542 2072 brachte ich nicht zu Ende, ist mir unverständlich (vielleicht eine Schan-
553 2069 3531 2229 de) und langweilig. "Das Erlebnis des "Marschalls von Bassompiere" finde
569 2214 3374 2373 ich ausgezeichnet, könnte aber auch von Dir sein.-Heute ist herrliches
548 2347 3459 2490 Wetter, Rauhreif auf Fächern und Bäunen und ich habe beschlossen in Dei-
560 2461 3442 2595 ner Gegend einen Spaziergang zu machen, um niemand Bekannten zu treffen.
590 2605 3263 2758 Mittag kommt Karl zu mir und dann wird bis Abend geschrieben. Am
592 2724 3396 2872 Abend kommt meine Nichte die ich für einen Ball schön machen muss und
593 2853 3354 2991 dann arbeite ich wohl noch zwei Stunden. Von morgen an kommen wieder
594 2987 1532 3154 ein paar mondäne Tage.
558 3130 3377 3240 Ich will mich rasch fertig machen und schliesse für heute. Du hast ja
558 3248 3337 3432 indessen meine zwei langen Briefe erhalten. Herzliche Umarmung Deine
1774 3383 2481 3540 Clara Katharina.
1619 3524 1899 3660 - - - — —
3446 101 3600 253 110
