3754 4666
2006 290 2847 396 Adelboden,29.7.1926.
2057 377 2510 490 (nach Wien).
655 530 3390 675 Liebste, kaum hatte sich der Zug in Bewegung gesetzt, fiel mir ein -
634 692 3440 807 dass ich meine sämtlichen Sporthosen zuhaus vergessen hatte. Ein Herr
639 818 3503 962 hält mich xxx an der Thüre zum Speisewagen auf, mit jüdischem Lächeln...
647 928 3485 1058 Herr A.S., nicht wahr? Worauf ich: "Ja." Er; Ich hab Sie gleich nach den
631 1082 3530 1216 Photographien erkannt... Sie sehen nämlich Ihren Bildern sehr ähnlich...
627 1189 3408 1353 Darauf gibt er sich als ein Schneidernamens Grünwald zu erkennen und
675 1314 3496 1444 macht sicherbötig wegen der vergessenen Sporthosen in Linz, wo er aus-
624 1473 3373 1631 steigt, ein Telegramm an Hofrätin Kl. aufzugeben; worauf ein längeres
643 1613 3371 1750 fachgemässes Gespräch über Toilettefragen anhebt. - Hierauf lese ich
634 1721 3544 1879 eine Posse von Nestroy, bearbeitet von Karl Kraus, "Der confuse Zaubrer" -
674 1854 3437 1979 u. amüsiere mich.-Ununterbrochener Gummregen.- Sehr mässige Nacht im
612 1987 3436 2137 Schlafwagen. Vor 5 (Bux) auf. 7 Uhr Zürich. Wider Erwarten schon hier
619 2114 3392 2231 Heini, gebräuntund gut aussehend. Wir fahren gleich weiter nach Bern.
633 2236 3231 2390 Von dort nach T..., von dort im Postauto (in stetem Regen) nach
611 2380 3431 2516 Adelboden (1 Uhr Mittag), Hotel Nevada. Das übliche nicht sehr comfor-
664 2509 3424 2666 table und nicht billige Schweizer Hotel. O; Lili nicht sehr gut aus-
634 2655 3398 2761 sehend, Frau K. und Tochter. Nach dem Lunch bei Regen in dem Dorf he-
658 2766 3324 2887 rum; nach Hause; auspacken, lesen, Bad. Das übliche zu frühe und zu
618 2893 3339 3043 copiöse Diner. Das notel kaum zu einem Viertel besetzt - und so an-
663 3017 3520 3159 scheinend der ganze Ort. Publikum, reichgewordene Spiesser Deutschlands
629 3163 3371 3324 und unwahrscheinlich aussehende Amerikaner mit Weib, Kind und Kegel.-
627 3275 3294 3447 Nach dem Diner die übliche (alles wie wie üblich) Jazzband; Heini
629 3437 3389 3558 und ich lassen uns in einem andern Saal von einem braven Grammophon
613 3548 3319 3666 Carusoplatten vorspielen- Nachher einige Stimmungsplatten, zu denen
655 3649 3436 3849 Heini mit Libi tanzt. Ich ziehe mich früh zurück, schlafe mit Kopfweh
610 3821 3455 3941 in dem (geheizten) Zimmer ein, wache ebenso auf.-In der Früh Trübe und
603 3947 3342 4092 Regen. Ich mache einen Spaziergang allein bei gebessertem Wetter.
612 4037 3189 4264 Auch die Landschaft ist ebenso "üblich", aber ingutem Sinne; am
599 4234 3434 4366 meisten werd ich an Schulz-Tarasp erinnert. Die Höhen der Berge waren
3473 103 3636 265 306
