<?xml version="1.0" encoding="UTF-8" standalone="yes"?>
<PcGts xmlns="http://schema.primaresearch.org/PAGE/gts/pagecontent/2013-07-15" xmlns:xsi="http://www.w3.org/2001/XMLSchema-instance" xsi:schemaLocation="http://schema.primaresearch.org/PAGE/gts/pagecontent/2013-07-15 http://schema.primaresearch.org/PAGE/gts/pagecontent/2013-07-15/pagecontent.xsd">
    <Metadata>
        <Creator>prov=READ-COOP:name=TrHtr:version=0.0.6:model_id=44522:date=25_11_2022_11:54</Creator>
        <Created>2022-11-17T16:36:34.233+01:00</Created>
        <LastChange>2022-11-25T11:54:01.326Z</LastChange>
        <TranskribusMetadata docId="1233893" pageId="50264724" pageNr="828" tsid="105032892" status="IN_PROGRESS" userId="40391" imgUrl="https://files.transkribus.eu/Get?id=SFZSOGNRVQFPMNNSQJSVQETI&amp;fileType=view" xmlUrl="https://files.transkribus.eu/Get?id=AJCKDENSLKHDOJYNBOVMVODY" imageId="41051135"/>
    </Metadata>
    <Page imageFilename="HIN-155550_0828.tif" imageWidth="3746" imageHeight="4638">
        <ReadingOrder>
            <OrderedGroup id="ro_1669820953512" caption="Regions reading order">
                <RegionRefIndexed index="0" regionRef="r1"/>
            </OrderedGroup>
        </ReadingOrder>
        <TextRegion id="r1" custom="readingOrder {index:0;}">
            <Coords points="582,101 582,4281 3639,4281 3639,101"/>
            <TextLine id="r1l1" custom="readingOrder {index:0;}">
                <Coords points="567,446 744,472 795,456 839,481 974,431 1045,470 1118,436 1202,434 1201,339 1050,327 998,291 870,356 785,339 686,355 649,319 564,306"/>
                <Baseline points="585,408 614,410 644,410 674,410 704,410 734,410 764,410 793,408 823,408 853,408 883,407 913,407 943,405 973,405 1002,404 1032,403 1062,402 1092,402 1122,402 1152,401 1182,401"/>
                <TextEquiv>
                    <Unicode>Tgb. 30.8.1930.</Unicode>
                </TextEquiv>
            </TextLine>
            <TextLine id="r1l2" custom="readingOrder {index:1;}">
                <Coords points="563,652 3447,579 3445,476 3246,455 561,542"/>
                <Baseline points="582,611 724,606 866,603 1008,600 1151,596 1293,593 1435,590 1578,585 1720,582 1862,579 2005,575 2147,572 2289,569 2431,565 2574,561 2716,558 2858,555 3001,552 3143,549 3285,545 3428,542"/>
                <TextEquiv>
                    <Unicode>Schloss ein Museum. Desonders ergriffen von der Handschrift Ludwig XVI.</Unicode>
                </TextEquiv>
            </TextLine>
            <TextLine id="r1l3" custom="readingOrder {index:2;}">
                <Coords points="583,762 2590,731 2588,647 2367,619 582,693"/>
                <Baseline points="600,741 698,738 797,736 895,734 994,731 1092,729 1191,726 1289,725 1388,722 1486,720 1585,717 1683,716 1782,714 1880,711 1979,710 2077,707 2176,705 2274,702 2373,700 2471,697 2570,695"/>
                <TextEquiv>
                    <Unicode>auf einem Stückchen Tapete im Temple geschrieben.</Unicode>
                </TextEquiv>
            </TextLine>
            <TextLine id="r1l4" custom="readingOrder {index:3;}">
                <Coords points="3178,761 3266,742 3299,756 3376,756 3402,744 3486,755 3486,678 3445,689 3397,649 3364,646 3335,627 3294,635 3261,621 3236,636 3177,640"/>
                <Baseline points="3195,737 3222,737 3249,737 3276,737 3304,738 3331,738 3358,738 3386,738 3413,737 3440,735 3468,732"/>
                <TextEquiv>
                    <Unicode>drückte</Unicode>
                </TextEquiv>
            </TextLine>
            <TextLine id="r1l5" custom="readingOrder {index:4;}">
                <Coords points="577,882 2980,811 3452,894 3449,747 2514,720 576,816"/>
                <Baseline points="594,872 735,869 877,867 1019,864 1161,860 1303,857 1445,854 1587,850 1729,846 1871,843 2013,839 2154,836 2296,832 2438,828 2580,825 2722,821 2864,817 3006,813 3148,809 3290,806 3432,801"/>
                <TextEquiv>
                    <Unicode>Spaziergang im Schlossgarten. A. hing sich plötzlich in mich ein,</Unicode>
                </TextEquiv>
            </TextLine>
            <TextLine id="r1l6" custom="readingOrder {index:5;}">
                <Coords points="572,1030 3170,998 3392,887 570,928"/>
                <Baseline points="591,1004 730,1000 869,998 1008,994 1147,990 1286,987 1425,984 1565,981 1704,978 1843,975 1982,971 2121,968 2260,965 2399,962 2539,959 2678,954 2817,951 2956,948 3095,944 3234,941 3374,938"/>
                <TextEquiv>
                    <Unicode>meinen Arm an sich, auch sein Ton auffallend wärmer. Gleich fühlte ich</Unicode>
                </TextEquiv>
            </TextLine>
            <TextLine id="r1l7" custom="readingOrder {index:6;}">
                <Coords points="585,1159 724,1142 917,1211 1375,1130 1784,1180 1781,1070 1597,1026 1483,1066 1401,1005 582,1031"/>
                <Baseline points="603,1133 661,1132 719,1131 777,1130 835,1128 893,1127 951,1125 1009,1124 1067,1122 1125,1122 1183,1121 1241,1119 1299,1118 1357,1116 1415,1115 1473,1113 1531,1112 1589,1111 1647,1110 1705,1109 1764,1107"/>
                <TextEquiv>
                    <Unicode>mich wohler und unbefangener.</Unicode>
                </TextEquiv>
            </TextLine>
            <TextLine id="r1l8" custom="readingOrder {index:7;}">
                <Coords points="593,1295 3128,1247 3443,1210 3441,1114 590,1181"/>
                <Baseline points="611,1262 751,1259 892,1256 1033,1253 1174,1250 1314,1247 1455,1244 1596,1241 1737,1238 1877,1235 2018,1232 2159,1229 2300,1225 2440,1221 2581,1218 2722,1215 2863,1211 3003,1208 3144,1203 3285,1199 3426,1196"/>
                <TextEquiv>
                    <Unicode>Als wir zuhause in unsere Zimmer gingen, - die Verbindungstüre stand zu-</Unicode>
                </TextEquiv>
            </TextLine>
            <TextLine id="r1l9" custom="readingOrder {index:8;}">
                <Coords points="583,1409 3288,1363 3285,1264 3079,1247 580,1281"/>
                <Baseline points="600,1391 733,1388 866,1386 1000,1383 1133,1380 1267,1378 1400,1375 1534,1372 1667,1369 1801,1365 1934,1362 2067,1359 2201,1356 2334,1353 2468,1350 2601,1347 2735,1344 2868,1341 3002,1338 3135,1335 3269,1332"/>
                <TextEquiv>
                    <Unicode>fällig offen und ich hatte meinen Hut abgenommen, fuhr er mir durch</Unicode>
                </TextEquiv>
            </TextLine>
            <TextLine id="r1l10" custom="readingOrder {index:9;}">
                <Coords points="563,1554 3275,1498 3273,1424 3022,1378 561,1447"/>
                <Baseline points="582,1523 715,1520 849,1517 982,1514 1116,1511 1250,1508 1383,1505 1517,1502 1650,1499 1784,1496 1918,1493 2051,1490 2185,1488 2318,1485 2452,1482 2586,1479 2719,1476 2853,1473 2986,1470 3120,1467 3254,1464"/>
                <TextEquiv>
                    <Unicode>mein zerzaustes haar und küsste mich zärtlich. Ich weinte, aber ich</Unicode>
                </TextEquiv>
            </TextLine>
            <TextLine id="r1l11" custom="readingOrder {index:10;}">
                <Coords points="590,1681 3464,1652 3487,1523 587,1560"/>
                <Baseline points="609,1655 752,1652 895,1649 1038,1644 1181,1641 1324,1638 1467,1634 1610,1631 1753,1628 1896,1625 2040,1621 2183,1617 2326,1614 2469,1611 2612,1608 2755,1605 2898,1602 3041,1599 3184,1596 3327,1593 3471,1590"/>
                <TextEquiv>
                    <Unicode>glaube, wir empfanden beide etwas wie Befreiung. Kann es doch nie wieder</Unicode>
                </TextEquiv>
            </TextLine>
            <TextLine id="r1l12" custom="readingOrder {index:11;}">
                <Coords points="596,1817 2675,1782 2836,1745 2834,1665 593,1700"/>
                <Baseline points="612,1784 722,1782 832,1779 942,1777 1052,1775 1163,1772 1273,1770 1383,1767 1493,1764 1603,1762 1714,1760 1824,1757 1934,1754 2044,1752 2154,1749 2265,1747 2375,1745 2485,1742 2595,1740 2705,1739 2816,1736"/>
                <TextEquiv>
                    <Unicode>ganz gut werden, so kommen doch vielleicht bessere Tage.</Unicode>
                </TextEquiv>
            </TextLine>
            <TextLine id="r1l13" custom="readingOrder {index:12;}">
                <Coords points="587,1950 2697,1933 3356,1808 584,1825"/>
                <Baseline points="606,1911 742,1910 879,1907 1015,1904 1152,1901 1289,1898 1425,1896 1562,1892 1698,1889 1835,1886 1972,1883 2108,1880 2245,1877 2381,1873 2518,1869 2655,1866 2791,1864 2928,1862 3064,1859 3201,1857 3338,1854"/>
                <TextEquiv>
                    <Unicode>31.8.A. hat heftige Schmerzen, die offenbar dadurch ausgelöst wurden.</Unicode>
                </TextEquiv>
            </TextLine>
            <TextLine id="r1l14" custom="readingOrder {index:13;}">
                <Coords points="604,2086 2728,2058 3305,2023 3446,1924 601,1950"/>
                <Baseline points="623,2039 763,2037 903,2036 1043,2033 1184,2030 1324,2027 1464,2025 1604,2022 1745,2019 1885,2015 2025,2012 2165,2009 2306,2005 2446,2001 2586,1998 2726,1995 2867,1992 3007,1989 3147,1986 3287,1985 3428,1982"/>
                <TextEquiv>
                    <Unicode>dass er seit Tagen gegen meine Warnung ohne Kopfbedeckung in der Sonne</Unicode>
                </TextEquiv>
            </TextLine>
            <TextLine id="r1l15" custom="readingOrder {index:14;}">
                <Coords points="647,2232 3115,2169 3434,2125 3432,2037 644,2111"/>
                <Baseline points="662,2174 799,2171 937,2168 1075,2165 1212,2160 1350,2157 1488,2154 1625,2152 1763,2149 1901,2147 2039,2144 2176,2141 2314,2138 2452,2135 2589,2132 2727,2129 2865,2127 3002,2124 3140,2120 3278,2117 3416,2114"/>
                <TextEquiv>
                    <Unicode>ging und fuhr. Ich hab ihm so abgeraten, aber er folgt ja nicht. Jetzt</Unicode>
                </TextEquiv>
            </TextLine>
            <TextLine id="r1l16" custom="readingOrder {index:15;}">
                <Coords points="614,2340 3168,2295 3527,2240 3525,2133 611,2219"/>
                <Baseline points="630,2303 774,2298 918,2295 1062,2292 1206,2289 1350,2286 1494,2283 1638,2282 1782,2279 1926,2276 2070,2274 2214,2271 2358,2268 2502,2265 2646,2262 2790,2259 2934,2256 3078,2252 3222,2248 3366,2243 3510,2238"/>
                <TextEquiv>
                    <Unicode>sieht er's ein. Wir sind eben nicht mehr jung genug, um alles tun zu dür-</Unicode>
                </TextEquiv>
            </TextLine>
            <TextLine id="r1l17" custom="readingOrder {index:16;}">
                <Coords points="659,2461 3488,2408 3486,2302 3251,2292 657,2347"/>
                <Baseline points="675,2430 814,2429 954,2426 1094,2423 1234,2421 1373,2418 1513,2415 1653,2412 1793,2409 1932,2406 2072,2403 2212,2400 2352,2397 2491,2394 2631,2393 2771,2390 2911,2387 3050,2384 3190,2382 3330,2379 3470,2378"/>
                <TextEquiv>
                    <Unicode>fen. Trotz seinem mässigen Befinden stündlich zunehmende Zärtlichkeit.</Unicode>
                </TextEquiv>
            </TextLine>
            <TextLine id="r1l18" custom="readingOrder {index:17;}">
                <Coords points="611,2606 3539,2529 3511,2427 609,2495"/>
                <Baseline points="627,2562 771,2559 916,2557 1061,2555 1205,2552 1350,2549 1495,2547 1639,2544 1784,2541 1929,2539 2074,2536 2218,2534 2363,2531 2508,2528 2652,2525 2797,2522 2942,2520 3086,2517 3231,2514 3376,2511 3521,2508"/>
                <TextEquiv>
                    <Unicode>Ich bin sehr lieb zu ihm, aber sehr zurückhaltend. Ich bin so verschreckt</Unicode>
                </TextEquiv>
            </TextLine>
            <TextLine id="r1l19" custom="readingOrder {index:18;}">
                <Coords points="619,2716 2464,2701 2528,2597 617,2613"/>
                <Baseline points="636,2691 729,2690 823,2688 917,2687 1010,2685 1104,2684 1198,2682 1291,2681 1385,2679 1479,2678 1573,2676 1666,2675 1760,2672 1854,2670 1947,2669 2041,2667 2135,2665 2228,2663 2322,2661 2416,2660 2510,2657"/>
                <TextEquiv>
                    <Unicode>und ich weiss auch nicht, ob es gut für ihn ist.</Unicode>
                </TextEquiv>
            </TextLine>
            <TextLine id="r1l20" custom="readingOrder {index:19;}">
                <Coords points="627,2866 3434,2788 3388,2704 2800,2690 625,2760"/>
                <Baseline points="645,2825 783,2822 921,2819 1060,2816 1198,2813 1337,2811 1475,2808 1614,2807 1752,2804 1891,2802 2029,2801 2167,2798 2306,2796 2444,2793 2583,2790 2721,2787 2860,2784 2998,2781 3137,2777 3275,2773 3414,2768"/>
                <TextEquiv>
                    <Unicode>1.9. Regen. A.'s Befinden besser. Ich finde ihn auch viel beser aus-</Unicode>
                </TextEquiv>
            </TextLine>
            <TextLine id="r1l21" custom="readingOrder {index:20;}">
                <Coords points="658,2965 813,2981 845,2958 1088,2953 1224,2991 1412,2991 1410,2874 1380,2867 1244,2873 1203,2845 1101,2891 847,2859 800,2882 759,2857 656,2873"/>
                <Baseline points="677,2948 712,2948 748,2948 784,2948 820,2948 856,2948 892,2948 927,2948 963,2948 999,2946 1035,2946 1071,2945 1107,2945 1143,2944 1178,2943 1214,2942 1250,2940 1286,2939 1322,2937 1358,2936 1394,2934"/>
                <TextEquiv>
                    <Unicode>sendn. Gott gäb's!</Unicode>
                </TextEquiv>
            </TextLine>
            <TextLine id="r1l22" custom="readingOrder {index:21;}">
                <Coords points="617,3131 3590,3083 3587,2936 3481,2930 615,2984"/>
                <Baseline points="633,3081 787,3078 942,3077 1097,3075 1251,3072 1406,3069 1561,3066 1715,3063 1870,3060 2025,3057 2179,3054 2334,3050 2489,3047 2643,3044 2798,3041 2953,3038 3107,3036 3262,3033 3417,3032 3572,3030"/>
                <TextEquiv>
                    <Unicode>2.9. Gestern Abend im Theater, Gastspiel Werbezirk. Sie sehr unterhaltend,</Unicode>
                </TextEquiv>
            </TextLine>
            <TextLine id="r1l23" custom="readingOrder {index:22;}">
                <Coords points="620,3223 3428,3202 3426,3096 3223,3055 619,3153"/>
                <Baseline points="639,3212 777,3209 915,3207 1054,3204 1192,3201 1331,3200 1469,3197 1608,3194 1746,3191 1885,3189 2023,3186 2161,3183 2300,3180 2438,3179 2577,3176 2715,3173 2854,3170 2992,3167 3131,3164 3269,3162 3408,3159"/>
                <TextEquiv>
                    <Unicode>aber eine Hoheit kommt in dem Stück vor, die in der Maske Kaiser Franz</Unicode>
                </TextEquiv>
            </TextLine>
            <TextLine id="r1l24" custom="readingOrder {index:23;}">
                <Coords points="620,3367 3424,3334 3396,3206 618,3267"/>
                <Baseline points="639,3341 777,3338 915,3336 1053,3333 1192,3330 1330,3328 1468,3326 1607,3323 1745,3321 1883,3318 2022,3315 2160,3312 2298,3311 2436,3308 2575,3305 2713,3303 2851,3300 2990,3298 3128,3296 3266,3293 3405,3291"/>
                <TextEquiv>
                    <Unicode>Josefs auftritt, der Comble der Gemeinheit und Geschmacklosigkeit. Ich</Unicode>
                </TextEquiv>
            </TextLine>
            <TextLine id="r1l25" custom="readingOrder {index:24;}">
                <Coords points="627,3485 3478,3457 3554,3364 625,3411"/>
                <Baseline points="645,3467 789,3465 934,3464 1078,3461 1223,3459 1367,3456 1512,3455 1656,3452 1801,3449 1945,3447 2090,3444 2235,3441 2379,3438 2524,3436 2668,3434 2813,3431 2957,3428 3102,3426 3246,3423 3391,3421 3536,3419"/>
                <TextEquiv>
                    <Unicode>war wütend. Heute Abend Kino. Langweiliger englischer Kriegsfilm "Nichts</Unicode>
                </TextEquiv>
            </TextLine>
            <TextLine id="r1l26" custom="readingOrder {index:25;}">
                <Coords points="640,3632 3440,3560 3288,3467 639,3533"/>
                <Baseline points="657,3597 795,3594 933,3593 1071,3590 1209,3588 1347,3585 1485,3584 1624,3581 1762,3579 1900,3577 2038,3575 2176,3573 2314,3570 2452,3567 2591,3566 2729,3563 2867,3561 3005,3558 3143,3556 3281,3554 3420,3551"/>
                <TextEquiv>
                    <Unicode>neues in Flandern". Jeden Nachmittag kommt A. zu mir oder ruft mich,-</Unicode>
                </TextEquiv>
            </TextLine>
            <TextLine id="r1l27" custom="readingOrder {index:26;}">
                <Coords points="627,3753 2311,3752 2309,3630 2128,3597 1732,3666 1471,3626 626,3673"/>
                <Baseline points="644,3726 726,3726 808,3725 891,3725 973,3723 1055,3723 1138,3722 1220,3720 1302,3718 1385,3716 1467,3714 1549,3713 1632,3711 1714,3710 1796,3708 1879,3707 1961,3706 2043,3705 2126,3704 2208,3704 2291,3704"/>
                <TextEquiv>
                    <Unicode>schüchterne, aber zunehmende Zärtlichkeit.</Unicode>
                </TextEquiv>
            </TextLine>
            <TextLine id="r1l28" custom="readingOrder {index:27;}">
                <Coords points="680,3929 1097,3841 3443,3901 3481,3764 677,3796"/>
                <Baseline points="696,3858 834,3855 972,3854 1110,3851 1249,3848 1387,3846 1525,3843 1664,3842 1802,3839 1940,3837 2079,3834 2217,3832 2355,3830 2493,3828 2632,3825 2770,3824 2908,3821 3047,3818 3185,3816 3323,3813 3462,3812"/>
                <TextEquiv>
                    <Unicode>3.9. Heute Vormittag erklärte A., er wolle allein spazieren gehen. Ich</Unicode>
                </TextEquiv>
            </TextLine>
            <TextLine id="r1l29" custom="readingOrder {index:28;}">
                <Coords points="648,4029 3352,3987 3409,3858 646,3915"/>
                <Baseline points="666,3989 802,3986 938,3983 1074,3981 1210,3978 1347,3977 1483,3974 1619,3972 1755,3971 1891,3968 2028,3966 2164,3965 2300,3962 2436,3960 2572,3957 2708,3956 2845,3953 2981,3950 3117,3947 3253,3944 3390,3939"/>
                <TextEquiv>
                    <Unicode>war sehr einverstanden. Ich lief in die Stadt hinunter, war sehr ver-</Unicode>
                </TextEquiv>
            </TextLine>
            <TextLine id="r1l30" custom="readingOrder {index:29;}">
                <Coords points="640,4140 3062,4132 3391,4017 638,4037"/>
                <Baseline points="659,4118 794,4115 930,4113 1066,4110 1202,4109 1338,4106 1473,4104 1609,4103 1745,4100 1881,4098 2017,4097 2152,4095 2288,4092 2424,4091 2560,4089 2696,4086 2831,4085 2967,4082 3103,4080 3239,4077 3375,4074"/>
                <TextEquiv>
                    <Unicode>gnügt und hatte das Gefühl gut auszusehen. Ich wollte verschiedenes</Unicode>
                </TextEquiv>
            </TextLine>
            <TextLine id="r1l31" custom="readingOrder {index:30;}">
                <Coords points="626,4274 3455,4214 3406,4134 2326,4119 625,4196"/>
                <Baseline points="645,4250 784,4248 924,4247 1063,4245 1203,4244 1343,4241 1482,4239 1622,4238 1761,4236 1901,4234 2041,4232 2180,4230 2320,4229 2459,4227 2599,4224 2739,4223 2878,4221 3018,4220 3157,4217 3297,4215 3437,4214"/>
                <TextEquiv>
                    <Unicode>besorgen, -ging in eine Bank Schillinge wechseln, erblicke zufällig den</Unicode>
                </TextEquiv>
            </TextLine>
            <TextLine id="r1l32" custom="readingOrder {index:31;}">
                <Coords points="3602,279 3626,270 3631,273 3670,265 3638,99 3570,116"/>
                <Baseline points="3608,207 3639,201"/>
                <TextEquiv>
                    <Unicode>62</Unicode>
                </TextEquiv>
            </TextLine>
            <TextEquiv>
                <Unicode>






























</Unicode>
            </TextEquiv>
        </TextRegion>
    </Page>
</PcGts>
