3771 4703
2126 260 3143 417 Semmering,av. 325.8.1928.
607 513 3427 660 Mein sehr Liebes, heute mit der Morgenpost bekam ich einen sehr lieben
607 676 3368 812 Brief von Bertha Z. aus Wien mit dem beifolgendem Zeitungsausschnitt,
608 805 3421 908 den ich gleich an Dich weitersende, da ich mir denke, dass er Dir viel-
615 895 3337 1074 leicht eine kleine Freude bereiten wird. Sie schreibt diesbezüglich:
633 1072 3508 1189 "Da werden die guten Wiener sehen, wie man im Ausland Schnitzler wertet,"
602 1207 3553 1330 Sie ist in Wien und ich soll sie anrufen, sobald ich zurück bin. Das werde
625 1352 3375 1465 ich auch, denn abgesehen davon, dass sie wirklich eine warme und echte
606 1439 3379 1604 Freundschaft für Dich hat, hat sie sich in diesen Wochen auch mensch-
613 1592 3506 1705 lich und taktvoll gegen mich benommen. Wenn ich mir auch nicht einbilde,
622 1725 3256 1831 dass ihre Zuneigung allen Stürmen gewachsen ist, so hatte sie hier
624 1815 3451 2012 doch impulsive Regungen des Herzens, die ich ihr nicht vergessen werde.
609 1979 3272 2093 Entschuldige die Ungleichheit der Schrift, aber ich komme eben vom
621 2091 3335 2255 Sonnwendstein herunter, habe mich ein wenig hingestreckt und schreibe
642 2218 3384 2356 liegend. Bin heute Früh mit Enmy R. vom Panhans aus zwei Stunden hi-
654 2406 3394 2521 naufgestiegen. Unterwegs ausgesprochene Schmerzen im Herzen, aber ich
612 2505 3315 2647 habe doch durchgehalten. Emmy ist wirklich eine merkwürdige Person
626 2615 3311 2746 und einer der besten Menschen. Aber manchesmal habe ich das Gefühl
619 2779 3420 2917 eine Wahnsinnige geht neben mir. Erheiternd ist es nicht. Oben haben
613 2927 3341 3047 wir sehr gut gegessen und den schönen Blick in uns aufgenommen. Aber
625 3019 3077 3148 ich musste immer an andere Spaziergänge und Ausflüge denken.-
623 3144 3387 3275 Gleich nach dem Essen sind wir wieder heruntergelaufen, denn ein paar
622 3279 3500 3428 drohende Wolken standen am Himmel, die sich indessen verflüchtigt haben.
617 3403 3382 3521 Zuhause fand ich Deinen lieben Brief vor, der leider noch nicht sagt,
652 3577 3475 3678 dass Du Dich wohler fühlst. Wenn es auch für eine seelische Besserung
625 3654 3368 3829 noch zu früh ist, so hatte ich doch gehofft, dass Du Dich physisch er-
620 3773 1141 3932 holen wirst.
606 3935 3477 4084 Nun bin ich schon eine Woche hier. Sie war schrecklich lang und mühsam
621 4028 3022 4182 und Mittwoch oder Donnerstag fahre ich unbedingt nach Wien.
593 4134 3392 4324 Ich hätte unter den gegebene Umständen keinen besseren Platz wählen
3541 131 3643 321 16
