3674 4694
2818 271 3199 478 17.8.27.
546 464 3356 638 ner physischen und psychischen Erschöpfung von Wien abgereist bin, ab-
548 615 3233 758 gesehen von dem schweren Hinter, meiner langen Krankheit und allem
550 739 3186 884 übrigen waren die Aufregungen und schliesslich die Abhetzerei der
548 875 3319 1038 letzten Tage überlebensgross. Ich hätte eine gründliche Erholung und
549 1007 3388 1145 etwas Freude nötig. Vergiss nicht, dass hier eine Krankenhausatmosphäre
543 1124 3293 1262 ist, ein schwe erkranker Mann und alle Beteiligten mir zu nahe stehen,
541 1256 3332 1380 als dass die Impressionen spur- und eindruckslos an mir vorübergingen.
543 1388 3300 1503 Ich habe die Absicht Brief und Telegramm selbst nach St.Gezrgen, eine
548 1528 3348 1657 Stunde weit zur Post zu tragen, da ich beides nicht aus der Hand geben
534 1670 3395 1807 will und Wildon zu Fuss noch weiter ist. Ich hoffe, dass für Dich diese
535 1776 2784 1942 Tage angenehm waren und Du Dich wohl und erholt fühlst.
965 2021 3253 2182 Eben 11 Uhr kommt Dein erster Brief vom 13., wodurch mir
534 2168 3299 2315 noch unklarer wird, wieso Du Montag nach Bolzano fährst, erst am Mitt-
529 2297 3244 2476 woch zu Fischer und Samstag nach Karersee. Heini sollte doch am 15.
525 2427 3491 2570 oder 16. schon fort. Nun, Du wirst wohl Gründe haben. Ich schlüesse rasch,
510 2552 3217 2714 da ich nach St. Georgen eile. Ich wünsche Dir weiter alles Gute und
520 2681 1389 2815 umarme Dich herzlich.
1348 2824 1815 2953 Deine C.K.
3484 114 3598 256 41
