3690 4703
2713 383 3050 505 24.4.27.
1057 497 3196 681 Mein Liebes, wenn Dir an mir wirklich was liegt - und
516 641 3224 758 ich habe doch Grund es anzunehmen - dann mach doch endlich Ordnung.
534 780 3305 907 Lass diese Frau nicht ihren Schatten auf unser Glück werfen. Hat sie
509 907 3283 1038 nicht den Takt sich in den gehörigen Schranken zu halten, so musst Du
507 1044 3216 1157 ihn ihr energisch beibringen. Warum sie schonen, für die Bu, wie Du
511 1186 3442 1332 selbst sagst, nichts mehr empfindest, und mich verletzen, die Du lieb hast?
522 1302 3413 1426 Wenn das so weiter geht, gehe ich, Du unsere Liebe, unsere Beziehung daran
525 1439 3427 1559 zugrunde. Und glaube mir, wenn Du jetzt nicht etwas Entscheidendes sagst,
521 1544 3320 1690 werden wir sie auch nach Lille Hochzeit nicht los. Und sie wird nicht
520 1690 3313 1821 nach Venedig übersiedeln. Ich will nicht nochmals wiederholen, was ich
508 1818 3323 1946 zu Anfang des Briefes sagte, aber es muss ihr endlich klar werden, dass
516 1981 3286 2087 sie nur für Lili ins Haus zu kommen hat und alles andere sie nichts
519 2081 3468 2209 mehr angeht. Dedurch, dass Du ihr immer wieder den kleinen Finger reichst,
514 2206 3328 2322 greift sie nach der ganzen Hand oder versucht es wenigstens. Ich stehe
517 2334 3248 2469 natürlich für die Mitteilungen, die ich Dir mache, ein, aber ich bitte
500 2473 3424 2611 Dich keinen Gebrauch davon zu machen. Frau Kl. hat mir zwar kein Schwei-
513 2613 3469 2734 gen auferlegt, aber sie setzt es wohl voraus. Es würde zu Unannehmlichkei-
519 2734 3348 2863 ten zwischen ihr und mir führen. Sagst Du es aber O., so hätte die arme
504 2869 3366 3016 Kl. darunter zu leiden, die ja sicher nicht sehr klug ist, aber immer in
516 3006 3235 3102 den liebevollsten Ausdrücken von Dir spricht. Auch über Lili sprach
510 3125 3236 3254 sie sehr nett. Ich verhielt mich vollkommen passiv, erstens weil ich
499 3254 3404 3396 nicht mitteilsam bin und zweitens, weil ich weder weiss, ob Frau Kl. ver-
519 3380 3282 3506 trauenswürdig, noch ob sie wahrheitsliebend ist, denn ich kenne sie zu
516 3512 795 3666 wenig.
1067 3599 3316 3780 Draussen ist wieder ein herrlicher Frühlingstag und ich
501 3763 1790 3935 soll noch immer im Bett liegen.
1054 3883 3401 4023 Lebwohl, mein Hiebes, trage mir diese Zellen nicht nach und
506 4059 3244 4181 denke Dich ohne Eigensinn einen Augenblick in meine Lage. Ich umarme
501 4183 1907 4346 Dich von ganzem Herzen. Deine C.K.
3453 103 3561 232 10
