3742 4674
2031 297 2668 454 Wien, 26.7.1923.
591 488 3249 672 Liebste Clara Katharina - vielen Dank für das Epheublatt und den
576 664 3371 769 schönen Brief aus Weimar. Hoffentlich erreicht Dich dieser noch dort.
554 781 3338 910 Deiner Thränen vor Goethes Sterbezimmer musst Du Dich nicht schämen -
571 876 3370 1044 mir ist es geradeso ergangen. 17 Jahre sind es her, dassich dort war;
563 1055 3452 1197 ferne und doch so nahe Tage. Du hast hoffentlich nicht versäumt Ilmenau
553 1185 3201 1299 und den Gickel (oder Gockel) Hahn anzusehn (Warte nur - balde)? -
535 1247 3449 1448 In den letzten Tagen hatte ich interessante Unterredungen mit Korff und
561 1412 3363 1578 mit Paulsen - dies sind nur Schlagworte, Details mündlich. Hestern war
553 1553 3366 1671 ich mit F.S. zusammen. Ich bekomme eben eine sehr dringende Einladung
530 1684 3441 1853 nach Salzburg, wo ich bei Stefan Zweig mit Romain Rolland zusammentref-
560 1818 3413 1930 fen soll: - ich bin noch nicht entschlossen; es würde im übrigen meine
597 1941 3400 2049 weiteren Pläne nicht berühren; ich hielte mich eben einen Tag auf der
557 2056 3464 2218 Hinreime xxxxx nach Baden-Baden in Salzburgauf. Am 7. spätestens möchte
556 2236 3471 2367 ich dort sein. Nicht ganz unmöglich aber ist es, dass meine Familie in die
556 2355 3279 2463 ser Zeit nicht in Baden-Baden, sondern etwa auf der Bühlerhöhe sich
597 2475 3375 2627 aufhält, in welchem Falle ich oben wohnen würde. Wie lange bleibst Du
552 2606 3408 2708 in Baden-Baden? Du erwartest dort (nehme ichschüchtern an) mein Kommen
554 2739 3429 2859 ab? Ich werde Dich rechtzeitig verständigen und wir werden uns für al-
559 2845 3280 3007 le Fälle (fürs Erste) nicht allzuweit von Deinem Waldparksanatorium
558 3002 3422 3120 treffen. Ueber den Feldberg hoff ich noch hieher Auskünfte zu bekommen,
594 3091 3296 3256 was Preise etc. anbelangt. Realisiert sich Feldberg nicht, so bleibt
540 3270 3271 3392 Friedrichshafen am wahrscheinlichaten, von wo der Weg in die Schweiz
541 3396 3438 3541 gegeben ist. Engadin ist von da aus am bequemsten zu erreichen. Näheres
518 3529 3422 3685 Programm lässt sich heute kaum machen; - ich denke alles, sowohl das Al-
551 3637 3304 3786 Leinsein, wie das Zusammensein in die greifbarste Nähe - all das wird
547 3800 3288 3935 sich nun, da Du mein Wesen mit nachsichtigem Verständnis zu erfassen
543 3902 2551 4014 beginnst, von selbst ergeben. Ich danke Dir sehr! -
526 4030 3397 4174 Mit meiner Arbeit geht es besser vorwärts als seit langem. Die Zustän-
540 4135 3264 4329 de in Deutschland bedrücken mich aus allgemeinen und aus besonderen
570 4287 3423 4407 Gründen sehr. Das Geschäftliche steht wie es gestanden ist; - nur das
3481 116 3600 322 39
