3742 4662
2053 300 2916 438 Exxxxxxx
2331 379 3209 513 Uhr Früh, 4. Juli 1924.
2328 470 3101 617 Wien. nur Salzburg
557 530 3288 684 Guten Morgen, Liebster, nur rasch ein paar Zeilen, denn ich will rasche
537 713 3247 804 b aden, mich anziehn und in die Stadt laufen, eh es gar so heisswird.
545 837 3451 976 Ich habe eine schlimme Nacht hinter mir und konnte von ½4 Uhr an über-
556 966 3503 1109 haupt nicht mehr schlafen. Bei geschlossenem Fenster ist es unerträglich
561 1083 3311 1260 schwül und wenn ich es offen lasse hält mich der Strassenlärm wach.
556 1232 3324 1391 Ich bin entsetzlich bloss und sehr müde. Der gestrige Nachmittag bei
557 1360 3321 1516 Emmy von Tolny war recht gemütlich. Wir tranken herrlichen Eiskaffee
552 1477 3247 1653 und plauschten von 5-1/8. Dann ging ich mit Hermine und Tochter zu
605 1623 3195 1748 ihnen in die Gusshausstrasse, da Hermine mich sehr bat ihr einen
555 1728 3268 1882 Brief an ihre Mutter zu verfassen, mit der sie sich zerstritten hat.
555 1886 3312 2001 Um ist war ich zuhause und dann sassen noch die beiden Buben bei mir
552 2009 3268 2163 und wir plauderten bis 11. Sie sind jetzt wirklich beide sehr nett.
539 2132 3384 2307 Dieser Tage erschien im Tagblatt ein Einakter von Géraldy, "Die erwach-
538 2282 3237 2437 senen Söhne" in der Uebersetzung von E.Goldenberg. Er ist ungemein
540 2377 3221 2556 fein und reizvoll, wenn auch kein Stück. Ich habe ihn für Dich auf,
552 2542 3148 2681 denn er dürfte Dich interessieren und ich glaube. Du solltest ihm
528 2654 3260 2826 dem Heini irgendwie in die Hände spielen oder direkt geben. Mir ist
536 2803 3348 2951 diese kleine Szene lieber wie das ganze "Aimer". Mit meinen Briefen an
561 2888 3176 3042 Reclam und wegen des Honorars an die Neue Freie Presse warte ich
533 3044 3302 3192 bis Montag, da ich Dir die Briefe gerne vorlesen will, ehe ich sie ab-
529 3201 3322 3343 sende. Nun bist Du schon in Salzburg und mir wesentlich näher.-Leider
528 3316 3256 3462 nicht nah genug. Ich freue mich schon sehr auf die nächste Zeit, die
513 3437 3294 3621 hoffentlich eine friedliche, stille und glückliche Zeit für uns Beide
530 3556 957 3702 sein wird.
957 3630 3299 3802 Ob mir die Post wohl heute einige Zeilen bringt? Wenn Du
514 3751 3343 3903 mir morgen Samstag scheibst, musst Du express schreiben, da es sonst am
515 3879 1765 4007 Sonntag nicht zugestellt wird.
902 4042 3204 4199 Rasch einen Kuss auf Deinen Mund und Deine lieben Augen.
1427 4150 1672 4301 Deine
1633 4205 2312 4374 Clara Katharina.
3521 102 3605 280 74
