3759 4626
2157 325 2769 496 Wien, 16.10.1925
605 339 1281 475 An A.S.,Berlin.
625 602 1043 745 Liebster.
983 666 3336 879 heute wirklich nur in Eile vielen Dank für Deinen dritten
619 869 3332 997 Bericht. Ich spüre mit grossem Bedauern Deine ungünstig veränderte
622 998 3243 1147 Stimmung. Je mehr ich nachdenke, desto mehr bin ich für die
612 1126 3367 1289 Eis als Aurelie. Ich weiss, dass wir sie in dem amerikanischen Stück
632 1258 3405 1400 der Brüder Czapek sehr talentiert fanden und als Erscheinung ist sie
625 1391 3374 1505 unbedingt allen Andern vorzuziehen, wenn überhaupt derzeit noch
632 1559 3256 1676 an die Première der "Verführung" gedacht wird. Ich würde die Julia
624 1659 3273 1773 mit der Durieux oder Fein, die Judith mit der Brot, die Aurelie mit
635 1761 3519 1891 der Eiz, die Seraphine eventuell mit der Christians besetzen. Die Judith
622 1902 3200 2054 könnte natürlich auch von der Bergner gespielt werden. Für wann
606 2030 2955 2162 würde eine Aufführung der "Schwestern" angesetzt werden?
979 2202 3243 2291 Ich schreibe Dir heute Abend nochmals und hoffe, dass Du
608 2330 3271 2453 einen heute geschriebenen Brief express aufgibst, da ich ihn sonst
617 2434 3405 2573 des Sonntag wegens erst Montag erhielte. Hier nichts Neues. Direktor
622 2576 3268 2719 M. ist nicht wieder gekommen und andere Anträge wegen der Wohnung
628 2712 3312 2809 indiskutabel. Heute Nachmittag kommt Frieda zu mir, da höre ich
631 2832 3344 2935 wohl Näheres über die Rückkehr von O. und Lilly. Aergere Dich nicht
620 2984 3429 3105 zu sehr darüber. Hoffentlich fährt O. wirklich ab, ehe Du zurückkommst
635 3088 2583 3251 und noch mehr hoffentlich kommet Du bald zurück.
1022 3224 3351 3356 Gestern rief ich die Neue Freie Presse an. Als ich meinen
622 3360 3321 3482 Namen nannte, gab sich Julian St. zu erkennen, war überaus liebens¬
623 3457 3339 3605 würdig, sagte, er habe selbst die "Redoute" gelesen, sei unbedingt für
617 3635 3401 3746 die Veröffentlichung, finde sie ausgezeichnet etc. Ich soll nur wegen
616 3769 3311 3910 Honorar mit Novak sprechen, da er Gottlob mit den Geldsachen nichts
661 3869 3190 4035 zu tun habe. Dann sprachen wir über die Begegnung in Riva, mit
612 4000 3347 4171 Komplimenten über mein Aussehen, den erwachsenen Sohn etc. Sein Wohl¬
617 4153 3430 4298 wollen mir jedesfalls sehr angenehm. Nun hoffe ich auch bald auf eine
615 4259 3268 4408 Antwort über die "Anastasia". Wiegler wird die Novelle wohl schon
