3759 4630
564 229 777 371 1928
601 462 857 613 30.1.
603 574 3409 736 mir das Geld). Wenn er aber seine Kühle, sein melancholisches Wesen nur
605 731 3401 873 für einen vorübergehenden Zustand hält, dann will ich alles versuchen,
586 880 3458 992 damit es wieder schön zwischen uns wird. Er sagt, er habe mich ge-
564 995 3442 1093 nau so lieb, seine Depression teilweise physisch, teil weise, weil er nicht
606 1110 3470 1282 arbeiten kann, woran auch meine durch O.'s Anwesenheit immer wieder her-
610 1220 3452 1396 vorgerufene Verstimmung Schuld trägt. Er verstehe es ja teilweise, aber
586 1383 3461 1479 ich müsse einsehen, dass er mir damit nicht das Geringate wegnimmt. Ich
594 1519 3465 1642 nehme seinen Kopf zwischen meine Hände, streichte ihn, vielleicht werden
600 1648 1684 1784 jetzt bessere Tage kommen.
607 1782 3328 1923 12.2. Olga kommt wieder! Ich ging beim Mondschein zu ihm, dachte, das
598 1905 3430 2052 wird einmal ein schöner Abend. Er empfing mich mit der Nachricht. Ich
561 2020 3328 2175 wurde schneeweiss im Gesicht, meine Zähne schlugen aufeinander. Dabei
543 2131 3364 2274 redete ich inn fortgesetzt zu, sich nicht aufzuregen. Er behauptet, sie
592 2272 3086 2440 komme nur für drei Tage den Abtransport der Möbel überwachen.
599 2560 3352 2701 Olga, Olga - immer sie zwischen uns. Er ist zwar fast jeden Abend mit
555 2690 3361 2811 mir, aber sein Haus darf ich nicht betreten. Ich sage nichts, ich klage
585 2800 2201 2974 nicht mehr, aber ich bin innerlich müde.
596 2924 3399 3105 Sie ist fast drei Wochen hier. Ich war einmal bei ihm an einem Abend,
590 3100 3322 3219 da sie ihm absagte und zu Bett lag. Da war er sicher, dass sie nicht
583 3210 2799 3324 plötzlich kommen würde.- Ich war zu müde Nein zu sagen.
519 3331 3380 3483 Was nützt es, dass sie jetzt endlich fort ist. A. klagt fort über Kopf-
547 3475 3367 3638 schmerzen, Verstimmung, es ist nichts mehr, wie es war. Er sagt, er sieht
562 3598 3390 3730 sie, wie sie ist. Sie macht ihn ausschliesslich nervös und doch hat er
520 3764 3399 3892 nicht die Kraft uns Ruhe zu schaffen. -Die Hand liegt längst wieder an
559 3832 3471 4036 ihrem Platz, sie war nur in Reparatur. Wie hässlich und unwahr ist alles.
586 4009 3336 4168 22.3. Géraldy in Wien. Einer der reizendsten menschen. Sehr hübscher
575 4151 3390 4321 Asend bei Hofrätin Z. Anwesend: Géraldy, Hofmannsthal und Frau, Werfel,
