2806 3370
1604 338 2405 439 5, Rue de Maubeuge,
544 322 2053 514 Arthin Schenzle Paris, 28.4.97.
450 484 2021 684 an Heyr v. Hofmannstal.
396 632 2592 776 Lieber Hugo, an Fischer hab ich geschrieben, ich zweifle
378 797 2627 927 nicht, dass er ohnewieters einverstanden ist. Warum aber
403 942 2580 1076 glauben Sie, dass alle diese Sachen sich nur von Paris
389 1062 2511 1207 aus komisch anhören. Sie sind übrigens mehr ekelhaft
386 1231 2362 1371 als komisch, wenn sich Clara nur nicht viel draus
348 1412 2536 1503 macht und sich nicht gar zu viel sezieren lassen mus-
354 1524 2575 1675 Grüssen Sie sie und Anna von mir herzlich. Ist es mög-
347 1662 2474 1791 lich, dass Minni an dem Tratsch zum Theil schuld ist
353 1825 2394 1938 (Da wird sie mir ja auch was ähnliches anrichten!)
347 1953 2493 2087 Sonderbarerweise das einzige literarische, worüber ich
353 2102 2480 2217 hier ein bisl nachgedacht, ist das Stück, wo sie mich
366 2233 2499 2373 rettet. Aber sie ändert sich mir im Kopge, sie ist sch
373 2369 934 2499 beinah blond.
358 2480 2513 2606 Meinen Brief von gestern oder vorgestern haben Sie da
385 2633 1160 2778 Arbeiten Sie was?
365 2753 2520 2893 Eben komme ich von Versailles zurück und habe eine u.
360 2916 2373 3010 beschreibliche Lust nach Grün und Luft und Stille
344 3044 2518 3174 heimgebracht; eine so heftige Ungeduld, dass ich gleic
