3770 4718
1875 302 2657 429 An Bord der Stella.
1886 407 3083 510 Dien tag, 17.4.1928.Vormittag.
1933 472 2869 602 Im Hafen von Katakolon.
629 586 3347 715 Mein Liebes, das Schiff liegt still; die Mehrzahl der Passagiere hat
644 730 3361 845 einen Ausflug nach Clympia unternommen, anderthab Stunden Bahnfahrt,
652 826 3402 1007 berühmter Tempel, Museum, Besichtigung, Lunchpackerl, etwa 150 Menschen,
635 999 3335 1133 also lieber nicht, dachte ich, ebenso Lili und Arnoldo.-Die schlafen
650 1109 3494 1266 aber noch. Ich habe meine Frühtour auf den Deck gemacht und sitze jetzt
657 1245 3360 1371 im Salon, um Dir zu schreiben. Vor allem allgemeines über das Schiff.
648 1385 3484 1514 Es ist 24 Jahre alt, war ein Amerikadampfer, hat in Ehren gedient, und xxx
624 1493 3504 1631 ist auf seine alten Tage weiss angestrichen und ein Vergnügungsdampfer
665 1631 3357 1782 geworden. Ich habe sowohl meine Kajüte - als Lili und Arnoldo ihre
691 1769 3314 1913 Kajüte gewechselt - ich bekam sogar eine mit Bad - das vorläufig
658 1906 3429 2022 nicht functioniert. - Die Gesellschaftsräume geräumig, aber doch, ins-
648 2034 3304 2152 besondere das Rauchzimmer nicht ausreichend. Essen recht, zuweilen
655 2149 3452 2282 sehr gut. Tische zu 7-20 Personen. Ich links vom Capitän, Lili rechts.
648 2314 3419 2420 Dann von Lili an gerechnet Arnoldo, Prof. Dr.Liepmann und Frau, Bankdi-
665 2416 3472 2554 rektor Sampo aus Mailand. conversation italienisch, französisch, delten
649 2540 3576 2663 deutsch. Das Frühstück zu geht leicht vorüber, das Diner leider schon für
672 2692 3425 2811 7 zu dem üblichen 7 Gängen, dauert über eine Stunde und ist daher zum
657 2840 3497 2952 auswachsen. Nachher lauf ich uns Deck herum, sitze eine Weile im Rauch-
667 2941 3427 3064 zimmer; bis nach 11 wird (auf Deck) getanzt (immer die gleichen Paa-
659 3089 3401 3214 re, 15-20; Arnoldo-Lili sehen nicht am schlechtesten aus). - Dann bin
666 3203 3350 3349 ich noch im Freien oder im Rauchzalon. Bekannte von früher und vom
657 3309 3371 3466 Schiff. Oberleutnant Krum mit Frau (von Lichtensterns her bekannt);
669 3490 3303 3582 ein jüdischer gemütlicher Advokat Sachsel (mir von einer Urheber-
3269 3550 3414 3630 aus
670 3576 3478 3764 rechtoonferenz her bekannt), ein Dozent der Theologie und Pfarrer xxx
652 3751 3293 3859 Breslau Dr.Haacke (?). nicht unangenehm, etwas selbstgefällig; ein
624 3887 3142 4011 Dr.Katiz (Dresden) früherer Hospital bei Julius u.a.
709 3985 3245 4091 Bisher von meinen Sachen überhaupt noch nichts angesehen; -lese
653 4109 3460 4286 Paléologue und Dreyser. Gestern an Land mit Arnoldo und Lili; -Corfu;
3566 100 3694 247 102
