3726 4662
2116 168 2715 382 17.8.24. Bl. 2.
584 353 3361 562 Gestern ein d端sterer Regentag Vormittag ein Bundes mit L.'s. nach St.
566 536 2731 667 Moritz. Abend eine Partie Schach mit Franzl, dem Sohn.
594 672 3403 803 Heute strahlt die Sonne 端ber Berg und Thal. Der Schnee liegt bis tief
593 789 3455 921 herunter. Ich will gegen Pontresina zu spazieren. (L.'s sind Menschen,
564 921 2411 1062 die auf Reisen immer erst um 11 fr端hst端cken).
547 1072 3299 1200 Leb wohl, Liebste, morgen Montag telefoniere ich wahrscheinlich gegen
568 1174 2057 1332 8 und 10 abends. Sei umarmt! Dein A.
1735 1332 1972 1442 - - -
3514 104 3649 265 96
