<?xml version="1.0" encoding="UTF-8" standalone="yes"?>
<PcGts xmlns="http://schema.primaresearch.org/PAGE/gts/pagecontent/2013-07-15" xmlns:xsi="http://www.w3.org/2001/XMLSchema-instance" xsi:schemaLocation="http://schema.primaresearch.org/PAGE/gts/pagecontent/2013-07-15 http://schema.primaresearch.org/PAGE/gts/pagecontent/2013-07-15/pagecontent.xsd">
    <Metadata>
        <Creator>prov=READ-COOP:name=TrHtr:version=0.0.6:model_id=44522:date=25_11_2022_11:54</Creator>
        <Created>2022-11-17T16:36:43.265+01:00</Created>
        <LastChange>2022-11-25T11:54:14.664Z</LastChange>
        <TranskribusMetadata docId="1233893" pageId="50264859" pageNr="874" tsid="105032955" status="IN_PROGRESS" userId="40391" imgUrl="https://files.transkribus.eu/Get?id=EGYRYVYAPEVXMGPSXMOAGODH&amp;fileType=view" xmlUrl="https://files.transkribus.eu/Get?id=ZYPAHUISDMBQLWVAMOMNODZO" imageId="41051270">
            <Property key="mdSetName" value="myMdSet"/>
            <Property key="property2"/>
            <Property key="property1"/>
        </TranskribusMetadata>
    </Metadata>
    <Page imageFilename="HIN-155550_0874.tif" imageWidth="3771" imageHeight="4723">
        <ReadingOrder>
            <OrderedGroup id="ro_1669820953722" caption="Regions reading order">
                <RegionRefIndexed index="0" regionRef="r1"/>
            </OrderedGroup>
        </ReadingOrder>
        <TextRegion id="r1" custom="readingOrder {index:0;}">
            <Coords points="549,115 549,4446 3672,4446 3672,115"/>
            <TextLine id="r1l6" custom="readingOrder {index:0;}">
                <Coords points="895,397 949,384 991,420 1270,370 1395,410 1448,398 1514,445 1585,426 1584,284 1507,290 1465,255 1388,291 1185,198 1084,223 1048,199 971,259 894,248"/>
                <Baseline points="923,386 538,372 564,372 999,385 1025,383 1050,382 1076,382 1531,363 1557,368"/>
                <TextEquiv>
                    <Unicode>Sr. 12ten I. 1931</Unicode>
                </TextEquiv>
            </TextLine>
            <TextLine id="line_1668777401108_7183" custom="readingOrder {index:1;}">
                <Coords points="545,562 3280,539 3517,487 3515,350 543,437"/>
                <Baseline points="575,521 622,521 839,506 887,506 935,506 983,506 1031,506 1078,504 1126,504 1174,503 1222,503 1270,501 1318,500 1366,500 1413,499 1461,498 1509,497 1557,497 1605,496 1653,495 1701,495 2718,476 2756,476 2795,476 2833,476 2872,476 2910,475 2949,474 2987,474 3026,473 3064,473 3103,473 3142,471 3180,471 3219,470 3257,470 3296,468 3334,468 3373,467 3411,467 3450,465 3489,465"/>
                <TextEquiv>
                    <Unicode>A. gestern Abend bei mir. (improvisiert) Er brachte etwas kaltes Fleisch</Unicode>
                </TextEquiv>
            </TextLine>
            <TextLine id="r1l9" custom="readingOrder {index:2;}">
                <Coords points="567,679 3587,612 3584,493 565,577"/>
                <Baseline points="596,649 643,647 2707,604 2754,603 2801,603 2848,601 2895,601 2942,600 2989,600 3036,599 3084,598 3131,598 3178,597 3225,596 3272,595 3319,594 3366,593 3413,591 3460,591 3507,589 3555,586"/>
                <TextEquiv>
                    <Unicode>mit ich kochte Eier. Ich hatte den ganzen N. M. "Kathrin wird Soldat gele-</Unicode>
                </TextEquiv>
            </TextLine>
            <TextLine id="r1l12" custom="readingOrder {index:3;}">
                <Coords points="2415,793 2861,750 2981,820 3218,762 3301,785 3384,742 3456,771 3491,764 3490,663 2847,661 2805,626 2562,690 2508,643 2413,639"/>
                <Baseline points="2442,746 574,776 625,775 2595,743 2646,741 2697,741 2748,740 2799,740 2850,738 2901,738 2952,737 3003,737 3054,735 3105,735 3156,734 3207,734 3258,732 3309,732 3360,731 3411,731 3462,729"/>
                <TextEquiv>
                    <Unicode>diesem ausserordentlichen</Unicode>
                </TextEquiv>
            </TextLine>
            <TextLine id="line_1668777370972_7152" custom="readingOrder {index:4;}">
                <Coords points="835,921 3553,913 3550,753 833,790"/>
                <Baseline points="867,900 893,898 576,902 602,902 971,897 997,897 1023,899 1049,900 1075,902 1101,902 1127,902 1464,894 1491,893 1519,892 1547,891 1574,891 1602,890 1630,890 1657,890 1685,890 1713,890 1741,890 1768,890 1796,890 1824,890 1851,890 1879,889 1907,888 1934,887 1962,885 1990,884 2018,882 2450,872 2503,872 2557,873 2611,873 2665,873 2718,873 2772,872 2826,872 2880,870 2933,869 2987,867 3041,867 3095,866 3148,864 3202,863 3256,861 3310,861 3363,860 3417,860 3471,858 3525,858"/>
                <TextEquiv>
                    <Unicode>von Kinderzeiten, wenn auf ein viel von Kriegeordinnerungen und von Kinderzeilen.</Unicode>
                </TextEquiv>
            </TextLine>
            <TextLine id="line_1668777375564_7158" custom="readingOrder {index:5;}">
                <Coords points="786,1086 3634,1018 3632,899 3263,876 784,926"/>
                <Baseline points="818,1034 598,1048 626,1048 900,1032 928,1032 956,1032 983,1032 1011,1032 1038,1032 1066,1032 1094,1032 1121,1032 1149,1032 1176,1031 1204,1031 1232,1031 1259,1030 1287,1029 1314,1028 1342,1026 1370,1025 1554,1004 1580,1014 1606,1019 1632,1022 1659,1022 1685,1020 1711,1019 1737,1017 1764,1016 2366,1010 2427,1008 2489,1008 2551,1007 2613,1005 2675,1005 2737,1004 2798,1002 2860,1001 2922,1001 2984,999 3046,998 3108,996 3170,995 3231,995 3293,993 3355,992 3417,990 3479,989 3541,989 3603,987"/>
                <TextEquiv>
                    <Unicode>sich nicht übergeben, da hädte. Er saas mit geschlossenen Augen ganz verfallen da.</Unicode>
                </TextEquiv>
            </TextLine>
            <TextLine id="line_1668777379932_7163" custom="readingOrder {index:6;}">
                <Coords points="567,1216 3278,1190 3485,1133 3484,1020 565,1085"/>
                <Baseline points="595,1166 655,1165 879,1164 939,1163 1000,1161 1060,1160 1120,1160 1180,1158 1241,1158 1301,1157 1361,1157 1421,1157 1482,1157 1542,1155 1602,1155 1662,1155 1723,1154 1783,1152 1843,1152 1903,1151 1964,1149 2133,1143 2199,1143 2265,1142 2331,1141 2397,1140 2463,1139 2529,1139 2596,1137 2662,1136 2728,1134 2794,1134 2860,1133 2926,1131 2992,1130 3059,1128 3125,1127 3191,1126 3257,1125 3323,1123 3389,1122 3456,1121"/>
                <TextEquiv>
                    <Unicode>Der Tisch war zwischen uns, ich traute mich nicht zu ihm hinüber, meiner</Unicode>
                </TextEquiv>
            </TextLine>
            <TextLine id="line_1668777383740_7168" custom="readingOrder {index:7;}">
                <Coords points="628,1364 3250,1335 3618,1282 3616,1151 626,1239"/>
                <Baseline points="654,1296 717,1295 780,1295 844,1294 907,1293 971,1293 1034,1292 1097,1292 1161,1292 1224,1290 1288,1290 1351,1290 1414,1289 1478,1289 1541,1287 1605,1287 1668,1286 1731,1284 1795,1283 1858,1281 1922,1280 2595,1268 2644,1266 2694,1266 2744,1266 2794,1266 2843,1265 2893,1265 2943,1263 2993,1263 3042,1262 3092,1262 3142,1260 3192,1260 3241,1259 3291,1257 3341,1257 3391,1256 3440,1254 3490,1254 3540,1253 3590,1251"/>
                <TextEquiv>
                    <Unicode>rkältung wegen, ich hätte gerne wenigstens seine Hand gestreichelt, sie in</Unicode>
                </TextEquiv>
            </TextLine>
            <TextLine id="r1l25" custom="readingOrder {index:8;}">
                <Coords points="689,1422 814,1462 992,1435 1040,1470 1100,1469 1129,1439 1248,1455 1426,1417 1425,1339 1276,1342 1222,1313 1121,1338 1049,1304 948,1311 913,1342 853,1313 782,1344 740,1314 687,1327"/>
                <Baseline points="720,1425 601,1430 635,1430 821,1425 854,1425 888,1424 922,1424 955,1424 989,1422 1023,1422 1057,1422 1090,1421 1124,1421 1158,1420 1191,1419 1225,1419 1259,1419 1292,1418 1326,1418 1360,1418 1394,1418"/>
                <TextEquiv>
                    <Unicode>sich des Herrn Wollalten.</Unicode>
                </TextEquiv>
            </TextLine>
            <TextLine id="r1l26" custom="readingOrder {index:9;}">
                <Coords points="555,1591 3289,1518 3528,1603 3613,1346 553,1496"/>
                <Baseline points="581,1556 731,1554 881,1553 1031,1551 1182,1550 1332,1547 1482,1545 1633,1544 1783,1541 1933,1539 2084,1537 2234,1535 2384,1533 2534,1530 2685,1527 2835,1524 2985,1521 3136,1518 3286,1514 3436,1511 3587,1506"/>
                <TextEquiv>
                    <Unicode>Heute Fruh 9% Kälte-aber Sonnenschein. Ich gieng um 12 für paar Minuten</Unicode>
                </TextEquiv>
            </TextLine>
            <TextLine id="r1l27" custom="readingOrder {index:10;}">
                <Coords points="564,1747 677,1728 701,1752 837,1704 909,1740 950,1710 992,1722 1045,1692 1105,1692 1105,1602 1069,1608 1027,1573 974,1603 914,1567 884,1585 831,1567 789,1591 688,1586 617,1622 563,1616"/>
                <Baseline points="591,1686 616,1686 641,1686 667,1686 692,1686 717,1686 743,1686 768,1686 793,1686 819,1686 844,1686 870,1686 895,1686 920,1685 946,1685 971,1685 996,1685 1022,1685 1047,1685 1073,1685"/>
                <TextEquiv>
                    <Unicode>an die Luft.</Unicode>
                </TextEquiv>
            </TextLine>
            <TextLine id="r1l28" custom="readingOrder {index:11;}">
                <Coords points="556,1881 3523,1841 3521,1692 1367,1647 554,1745"/>
                <Baseline points="587,1820 732,1818 877,1815 1022,1814 1168,1811 1313,1809 1458,1806 1603,1804 1749,1802 1894,1799 2039,1796 2184,1793 2330,1791 2475,1788 2620,1785 2765,1782 2911,1781 3056,1778 3201,1775 3346,1772 3492,1770"/>
                <TextEquiv>
                    <Unicode>13 ten Gestern N. M. wieder 37.4 Temperatur ohne eigentliche Zeichen von</Unicode>
                </TextEquiv>
            </TextLine>
            <TextLine id="line_1668777389621_7173" custom="readingOrder {index:12;}">
                <Coords points="556,1959 3500,1933 3498,1802 3206,1789 555,1882"/>
                <Baseline points="584,1946 645,1947 707,1946 768,1946 830,1946 891,1944 953,1944 1014,1943 1076,1942 1137,1940 1199,1940 1261,1938 1322,1937 1384,1935 1445,1935 1507,1934 1568,1932 1630,1932 1691,1931 1753,1931 1815,1931 1956,1923 2031,1923 2107,1923 2183,1922 2259,1922 2334,1920 2410,1920 2486,1919 2562,1917 2637,1916 2713,1914 2789,1913 2865,1911 2940,1910 3016,1908 3092,1907 3168,1905 3243,1904 3319,1902 3395,1901 3471,1899"/>
                <TextEquiv>
                    <Unicode>Erkältung. Eher Schmerzen in der Gallen-Gegend. N. M. Besuch von Tante</Unicode>
                </TextEquiv>
            </TextLine>
            <TextLine id="line_1668777393254_7178" custom="readingOrder {index:13;}">
                <Coords points="562,2131 2827,2096 3516,2054 3580,1964 560,2012"/>
                <Baseline points="591,2081 670,2079 749,2078 828,2076 907,2075 987,2073 1066,2072 1145,2072 1224,2070 1303,2069 1383,2069 1462,2067 1541,2066 1620,2064 1699,2063 1779,2063 1858,2060 1937,2058 2016,2057 2095,2054 2175,2052 2297,2051 2359,2049 2422,2049 2484,2048 2547,2046 2610,2046 2672,2045 2735,2043 2797,2042 2860,2040 2923,2039 2985,2037 3048,2036 3110,2035 3173,2034 3236,2033 3298,2033 3361,2031 3423,2031 3486,2031 3549,2031"/>
                <TextEquiv>
                    <Unicode>Clara. Sie ist recht gealtert. Und dabei so heiter und gut und beweglich.</Unicode>
                </TextEquiv>
            </TextLine>
            <TextLine id="r1l33" custom="readingOrder {index:14;}">
                <Coords points="567,2274 2117,2195 2814,2267 3551,2202 3596,2052 564,2132"/>
                <Baseline points="597,2207 745,2205 893,2204 1042,2202 1190,2201 1339,2199 1487,2196 1636,2193 1784,2192 1933,2189 2081,2186 2229,2183 2378,2180 2526,2178 2675,2175 2823,2172 2972,2171 3120,2168 3269,2165 3417,2163 3566,2162"/>
                <TextEquiv>
                    <Unicode>Wenn ich einmal so weit sein werde (wennich soweit komme) rühre ich mich</Unicode>
                </TextEquiv>
            </TextLine>
            <TextLine id="r1l34" custom="readingOrder {index:15;}">
                <Coords points="568,2388 1709,2381 1810,2326 2090,2393 2208,2320 2340,2383 2553,2332 2551,2213 566,2275"/>
                <Baseline points="597,2337 693,2337 789,2336 885,2336 982,2334 1078,2333 1174,2332 1271,2330 1367,2329 1463,2327 1560,2325 1656,2324 1752,2322 1848,2319 1945,2318 2041,2316 2137,2315 2234,2313 2330,2312 2426,2310 2523,2310"/>
                <TextEquiv>
                    <Unicode>nicht vom warmen Ofen weg und warte auf den Tod.</Unicode>
                </TextEquiv>
            </TextLine>
            <TextLine id="r1l35" custom="readingOrder {index:16;}">
                <Coords points="574,2483 3494,2503 3426,2308 572,2394"/>
                <Baseline points="602,2468 745,2466 888,2465 1031,2463 1174,2461 1317,2459 1460,2457 1603,2454 1746,2453 1889,2450 2033,2448 2176,2445 2319,2443 2462,2441 2605,2438 2748,2436 2891,2433 3034,2432 3177,2429 3320,2427 3464,2426"/>
                <TextEquiv>
                    <Unicode>Später Egon Wellesz an Stelle von Enmy, die sich beim Schee- Laufen den</Unicode>
                </TextEquiv>
            </TextLine>
            <TextLine id="r1l36" custom="readingOrder {index:17;}">
                <Coords points="569,2626 3631,2628 3628,2438 567,2531"/>
                <Baseline points="599,2597 749,2595 899,2595 1049,2594 1199,2591 1349,2589 1499,2587 1649,2585 1799,2582 1949,2579 2099,2577 2249,2574 2399,2571 2549,2569 2699,2567 2849,2564 2999,2562 3149,2561 3299,2559 3449,2558 3599,2558"/>
                <TextEquiv>
                    <Unicode>Fuss verletzt hat. Wir plauschten eine Stunde über Kunst (in Allgemeinen)</Unicode>
                </TextEquiv>
            </TextLine>
            <TextLine id="r1l37" custom="readingOrder {index:18;}">
                <Coords points="588,2757 3632,2724 3630,2605 3321,2586 586,2626"/>
                <Baseline points="615,2727 764,2726 913,2724 1063,2722 1212,2720 1362,2718 1511,2716 1660,2714 1810,2712 1959,2709 2109,2708 2258,2705 2407,2703 2557,2700 2706,2697 2856,2696 3005,2693 3154,2691 3304,2689 3453,2687 3603,2685"/>
                <TextEquiv>
                    <Unicode>und nauptsächlich über unsere Kinder die für 6 Tage nach Puchenstuben sind.</Unicode>
                </TextEquiv>
            </TextLine>
            <TextLine id="r1l38" custom="readingOrder {index:19;}">
                <Coords points="574,2918 3612,2866 3610,2741 3384,2709 572,2782"/>
                <Baseline points="603,2856 751,2855 900,2853 1049,2852 1198,2850 1347,2849 1495,2847 1644,2846 1793,2843 1942,2841 2091,2839 2239,2837 2388,2835 2537,2832 2686,2831 2835,2828 2983,2826 3132,2825 3281,2822 3430,2820 3579,2819"/>
                <TextEquiv>
                    <Unicode>Egon würde sie gerne "fescher" sehn, ich finde die Hauptsache ist, dass</Unicode>
                </TextEquiv>
            </TextLine>
            <TextLine id="r1l39" custom="readingOrder {index:20;}">
                <Coords points="574,3046 1009,3043 1086,3001 1133,3031 1193,3012 1306,3041 1436,2993 1436,2921 1234,2917 1168,2864 1108,2864 1007,2865 871,2920 823,2896 574,2922"/>
                <Baseline points="606,2984 645,2984 685,2984 725,2984 765,2984 805,2984 845,2984 885,2984 925,2984 965,2984 1005,2984 1044,2982 1084,2982 1124,2982 1164,2981 1204,2981 1244,2981 1284,2981 1324,2979 1364,2979 1404,2979"/>
                <TextEquiv>
                    <Unicode>sie sich lieb haben.</Unicode>
                </TextEquiv>
            </TextLine>
            <TextLine id="r1l40" custom="readingOrder {index:21;}">
                <Coords points="593,3167 3566,3118 3564,2981 2808,2938 592,3048"/>
                <Baseline points="623,3110 768,3111 914,3110 1059,3110 1205,3108 1351,3107 1496,3105 1642,3104 1788,3101 1933,3099 2079,3096 2225,3093 2370,3090 2516,3088 2662,3086 2807,3083 2953,3081 3099,3078 3244,3077 3390,3075 3536,3074"/>
                <TextEquiv>
                    <Unicode>Versuchte dann A. abzutelefonieren, da ich mich sehr erschöpft fühlte u.</Unicode>
                </TextEquiv>
            </TextLine>
            <TextLine id="r1l41" custom="readingOrder {index:22;}">
                <Coords points="586,3263 3613,3233 3611,3126 3438,3080 585,3150"/>
                <Baseline points="615,3243 763,3243 912,3242 1060,3240 1209,3239 1357,3236 1506,3234 1654,3231 1803,3230 1951,3227 2100,3225 2248,3222 2397,3221 2545,3218 2694,3216 2842,3215 2991,3212 3139,3210 3288,3209 3436,3207 3585,3207"/>
                <TextEquiv>
                    <Unicode>zu Bett wollte, aber er kam doch und sass eine weile bei mir. Er sagtedass</Unicode>
                </TextEquiv>
            </TextLine>
            <TextLine id="r1l42" custom="readingOrder {index:23;}">
                <Coords points="595,3423 2510,3420 3080,3358 3079,3263 593,3257"/>
                <Baseline points="624,3372 745,3371 866,3371 988,3369 1109,3369 1230,3368 1352,3366 1473,3365 1594,3363 1716,3362 1837,3360 1958,3357 2080,3356 2201,3354 2322,3353 2444,3350 2565,3348 2686,3345 2808,3344 2929,3341 3051,3339"/>
                <TextEquiv>
                    <Unicode>er sich frischer fühle, aber ich finde sein Aussehen elend.</Unicode>
                </TextEquiv>
            </TextLine>
            <TextLine id="r1l43" custom="readingOrder {index:24;}">
                <Coords points="594,3542 3585,3545 3619,3396 592,3406"/>
                <Baseline points="621,3500 769,3498 917,3498 1066,3497 1214,3495 1363,3494 1511,3492 1660,3491 1808,3489 1957,3486 2105,3485 2253,3482 2402,3480 2550,3477 2699,3476 2847,3473 2996,3471 3144,3468 3293,3467 3441,3465 3590,3464"/>
                <TextEquiv>
                    <Unicode>Heute Früh eine blödsinige Mitteilung in der N. Fr. Presse, die mir fast U</Unicode>
                </TextEquiv>
            </TextLine>
            <TextLine id="r1l44" custom="readingOrder {index:25;}">
                <Coords points="2111,3562 2182,3562 2188,3556 2218,3556 2218,3479 2164,3479 2153,3467 2111,3467"/>
                <Baseline points="2139,3543 2164,3543 2190,3543"/>
                <TextEquiv>
                    <Unicode>des</Unicode>
                </TextEquiv>
            </TextLine>
            <TextLine id="r1l45" custom="readingOrder {index:26;}">
                <Coords points="607,3649 3455,3629 3454,3534 2787,3478 606,3542"/>
                <Baseline points="636,3627 775,3629 915,3627 1054,3627 1194,3626 1334,3624 1473,3623 1613,3621 1752,3620 1892,3617 2032,3615 2171,3612 2311,3611 2450,3608 2590,3606 2730,3603 2869,3602 3009,3600 3148,3599 3288,3597 3428,3596"/>
                <TextEquiv>
                    <Unicode>Ubelkeiten verursachte; die première xxx Gang zum Weiher, mit der die</Unicode>
                </TextEquiv>
            </TextLine>
            <TextLine id="r1l46" custom="readingOrder {index:27;}">
                <Coords points="603,3786 3541,3795 3539,3641 3354,3631 601,3649"/>
                <Baseline points="633,3759 776,3759 920,3758 1064,3756 1208,3755 1352,3753 1496,3752 1639,3750 1783,3749 1927,3746 2071,3744 2215,3741 2359,3740 2503,3737 2646,3735 2790,3734 2934,3731 3078,3729 3222,3728 3366,3726 3510,3725"/>
                <TextEquiv>
                    <Unicode>Burgtheater eine Ehrenschuld bezahle, da die frühere Direktion sich zu</Unicode>
                </TextEquiv>
            </TextLine>
            <TextLine id="r1l47" custom="readingOrder {index:28;}">
                <Coords points="593,3929 3436,3921 3608,3883 3606,3740 591,3792"/>
                <Baseline points="623,3890 770,3890 918,3890 1066,3888 1214,3888 1361,3887 1509,3884 1657,3882 1805,3881 1952,3878 2100,3876 2248,3873 2396,3870 2543,3869 2691,3866 2839,3864 2987,3863 3134,3860 3282,3858 3430,3858 3578,3857"/>
                <TextEquiv>
                    <Unicode>der Aufführung nicht entschliessen konnte. Und in Theaterkreisen verlaute,</Unicode>
                </TextEquiv>
            </TextLine>
            <TextLine id="r1l48" custom="readingOrder {index:29;}">
                <Coords points="603,4042 3416,4019 3414,3900 3212,3879 602,3923"/>
                <Baseline points="633,4019 770,4019 908,4017 1046,4017 1183,4016 1321,4014 1459,4013 1596,4011 1734,4010 1872,4008 2010,4007 2147,4004 2285,4002 2423,4001 2560,3998 2698,3996 2836,3995 2973,3992 3111,3990 3249,3989 3387,3987"/>
                <TextEquiv>
                    <Unicode>Frau Wohlgemut wolle ihre Rolle zurückweisen, man hoffe aber u. s. w.</Unicode>
                </TextEquiv>
            </TextLine>
            <TextLine id="r1l49" custom="readingOrder {index:30;}">
                <Coords points="603,4191 3564,4174 3621,3953 3010,4073 602,4078"/>
                <Baseline points="630,4149 778,4149 926,4149 1074,4148 1223,4146 1371,4145 1519,4143 1668,4142 1816,4140 1964,4137 2113,4136 2261,4133 2409,4131 2557,4129 2706,4127 2854,4125 3002,4124 3151,4122 3299,4121 3447,4119 3596,4118"/>
                <TextEquiv>
                    <Unicode>Da müht und plagt man sich diesem Mann alles aus den Weg zu räumen, löscht</Unicode>
                </TextEquiv>
            </TextLine>
            <TextLine id="r1l50" custom="readingOrder {index:31;}">
                <Coords points="616,4309 3553,4264 3504,4146 615,4190"/>
                <Baseline points="648,4281 791,4281 935,4281 1079,4280 1223,4280 1367,4278 1510,4277 1654,4275 1798,4272 1942,4271 2086,4268 2229,4265 2373,4263 2517,4260 2661,4259 2805,4256 2948,4254 3092,4253 3236,4251 3380,4250 3524,4248"/>
                <TextEquiv>
                    <Unicode>sich völlig aus um ihn durch nichts zu irritieren und dann kommen solche</Unicode>
                </TextEquiv>
            </TextLine>
            <TextLine id="r1l51" custom="readingOrder {index:32;}">
                <Coords points="615,4433 3345,4457 3503,4318 613,4308"/>
                <Baseline points="645,4415 786,4415 927,4415 1069,4414 1210,4413 1352,4412 1493,4410 1635,4409 1776,4406 1918,4404 2059,4402 2200,4400 2342,4397 2483,4394 2625,4391 2766,4389 2908,4386 3049,4383 3191,4380 3332,4378 3474,4376"/>
                <TextEquiv>
                    <Unicode>Dreck-Menschen mit ihren kleiden schäbigen journalistischen Intriguen.</Unicode>
                </TextEquiv>
            </TextLine>
            <TextLine id="r1l52" custom="readingOrder {index:33;}">
                <Coords points="3540,296 3576,298 3631,270 3702,274 3709,107 3656,111 3637,128 3614,121 3585,96 3549,94"/>
                <Baseline points="3576,215 3608,218 3640,221 3672,218"/>
                <TextEquiv>
                    <Unicode>138</Unicode>
                </TextEquiv>
            </TextLine>
            <TextEquiv>
                <Unicode>
































</Unicode>
            </TextEquiv>
        </TextRegion>
    </Page>
</PcGts>
