3702 4706
2042 244 3266 426 Wien, 29.7.1926.9 Uhr Früh.
577 270 1356 446 An A.S., Adelboden.
571 469 3481 627 Liebes, - ich bin schon fertig angekleidet und schreibe rasch ein paar
587 597 3401 723 Zeilen an Dich, um sie später in die Stadt mitnehmen und in den Kasten
590 735 3313 905 werfen zu können. Nun Bericht: Gestern Vormittag in der Stadt B.ge-
598 876 3390 1012 troffen. Er übergao mir die "Else", ich ihm ein französisches Buch, das
594 1023 3426 1136 er mir vor langer Zeit geliehen hatte und ich nicht las.Er benahm sich
573 1129 3463 1272 wieder ein bisl dummund ich erklärte, ich müsse zu Schostal, Trattnerhof,
586 1266 3403 1410 wegen meines Kleides. Er wollte mich begleiten, was ich ablehnte. Später
591 1400 3452 1513 am Heimweg traf ich Frieda P. und wir gingen zusammen weiter. Dann habe
593 1519 3480 1666 ich fast den ganzen Tag den "Laudin" gelesen und habe schon Landviertel
592 1621 3504 1770 des Buches geschlückt. Es hat mich mit Abneigung interessiert, worin glau-
599 1780 3409 1916 be ich kein Widerspruch liegt. Es ist ja grösstenteils orillant,in dem
592 1895 3552 2033 richtigen Sinn dieses Wortes geschrieben, es glänzt, es funkelt, es olendet,
595 2043 3482 2152 aber es fehlt der wirklich grosse Stil, weil die innere Wahrheit fehalt.
591 2168 3532 2315 Feuerwerk, Effekte, aber kein wirklicher Brand, und nirgends Selbstverständ-
588 2291 3548 2439 lichkeit. Und wie in allen seinen Romanen nicht ein sympathischer Mensch.
586 2427 3370 2560 Alles ist angefault, unappetitlich. Die einzige Figur, die "edel" sein
595 2535 3478 2699 soll, ist blutleer und schattenhaft; "Pia". Ich weiss noch nicht, was aus
1006 2664 1292 2759 bisher
594 2698 3368 2837 ihr wird, aber ist sie gar nicht. Sie ist nicht gestaltet, weil er sie
603 2827 3391 2973 offenbar nicht gestalten kann. Vielleicht denk ich zum Schluss anders,
599 2963 3438 3098 aber bisher ist nichts von ihr vorhanden und das Wenige Unnatur. Ueber
594 3085 3349 3222 das problem selbst liesse sich viel sagen,- vielleicht nächstens oder
592 3218 980 3357 mündlich.
954 3288 3355 3412 Am Abend waren Herry und Carly zum Nachtmahl da. Es war sehr
601 3418 3371 3557 gemütlich und wir plauschten bis 11. Das Wetter ist w eiter kalt, trüb,
595 3545 3409 3684 herbstlich.Gestern Abend 10 Grad, heute Früh ein eisiger Sturm, so dass
637 3662 3443 3806 man kaum die Fenster öffnen kann, das nennt sich Hochsommer.- Gestern
599 3812 3482 3936 habe ich kaum 10 Zeilen am 4.Kapitel geschrieben, aber heute will ich es
592 3968 3358 4067 wieder versuchen. Vielleicht kommt schon morgen eine Zeile von Dir-es
612 4053 3455 4178 könnte sein und ich wäre sehr froh. Schreib mir nur alles über Dich, was
599 4174 3281 4278 mich irgend interessieren könnte. Bleib gesund. Es umarmt Dich Deine
2837 4241 3042 4330 C.K.
3421 126 3580 282 schon
