<?xml version="1.0" encoding="UTF-8" standalone="yes"?>
<PcGts xmlns="http://schema.primaresearch.org/PAGE/gts/pagecontent/2013-07-15" xmlns:xsi="http://www.w3.org/2001/XMLSchema-instance" xsi:schemaLocation="http://schema.primaresearch.org/PAGE/gts/pagecontent/2013-07-15 http://schema.primaresearch.org/PAGE/gts/pagecontent/2013-07-15/pagecontent.xsd">
    <Metadata>
        <Creator>prov=READ-COOP:name=TrHtr:version=0.0.6:model_id=44522:date=18_11_2022_04:28</Creator>
        <Created>2022-11-17T16:34:22.268+01:00</Created>
        <LastChange>2022-11-18T04:28:30.585Z</LastChange>
        <TranskribusMetadata docId="1233893" pageId="50260427" pageNr="128" tsid="104226038" status="IN_PROGRESS" userId="40391" imgUrl="https://files.transkribus.eu/Get?id=CWLIKZBJXMTDWVWLKTSYXRKT&amp;fileType=view" xmlUrl="https://files.transkribus.eu/Get?id=PTNUZSUOYIYEKSEDKPMWGPSD" imageId="41048916"/>
    </Metadata>
    <Page imageFilename="HIN-155550_0128.tif" imageWidth="3759" imageHeight="4662">
        <ReadingOrder>
            <OrderedGroup id="ro_1669820949734" caption="Regions reading order">
                <RegionRefIndexed index="0" regionRef="r1"/>
            </OrderedGroup>
        </ReadingOrder>
        <TextRegion id="r1" custom="readingOrder {index:0;}">
            <Coords points="471,110 471,2219 3567,2219 3567,110"/>
            <TextLine id="r1l1" custom="readingOrder {index:0;}">
                <Coords points="1993,392 2117,378 2150,397 2219,364 2328,358 2375,388 2412,362 2474,359 2550,393 2551,305 2489,276 2405,293 2347,256 2169,291 2143,269 2096,291 2049,276 1994,301"/>
                <Baseline points="2012,351 2038,351 2064,353 2090,353 2116,354 2142,354 2168,354 2194,356 2220,356 2246,356 2273,356 2299,356 2325,356 2351,356 2377,356 2403,356 2429,356 2455,356 2481,356 2507,356 2534,356"/>
                <TextEquiv>
                    <Unicode>8.8.24. Bl. 2.</Unicode>
                </TextEquiv>
            </TextLine>
            <TextLine id="r1l2" custom="readingOrder {index:1;}">
                <Coords points="509,500 3434,509 3433,418 2624,360 2275,445 508,384"/>
                <Baseline points="527,492 671,494 816,494 960,494 1105,494 1249,494 1394,494 1538,494 1683,492 1827,492 1972,491 2116,491 2261,489 2405,488 2550,488 2694,486 2839,485 2983,485 3128,483 3272,483 3417,482"/>
                <TextEquiv>
                    <Unicode>Und Du, liebe Welt-Reisende, hast hoffentlich die Fährlichkeiten zu Wasser</Unicode>
                </TextEquiv>
            </TextLine>
            <TextLine id="r1l3" custom="readingOrder {index:2;}">
                <Coords points="564,668 3128,659 3259,637 3259,542 563,511"/>
                <Baseline points="581,626 714,627 847,627 980,627 1113,627 1246,627 1379,626 1512,626 1645,626 1778,624 1911,624 2044,623 2177,621 2310,621 2443,620 2576,620 2709,618 2842,618 2975,617 3108,617 3242,617"/>
                <TextEquiv>
                    <Unicode>und zu Land glücklich überstanden, bist in Thalwyl in den richtigen</Unicode>
                </TextEquiv>
            </TextLine>
            <TextLine id="r1l4" custom="readingOrder {index:3;}">
                <Coords points="477,781 3413,789 3307,680 477,639"/>
                <Baseline points="495,759 640,759 785,759 930,759 1075,759 1220,758 1365,758 1510,756 1655,756 1800,755 1945,755 2090,753 2235,752 2380,752 2525,750 2670,750 2815,749 2960,749 3105,749 3250,747 3396,749"/>
                <TextEquiv>
                    <Unicode>Zug, geschlagen, in Luzern ins richtige Schiff und in Treib in die richtigen</Unicode>
                </TextEquiv>
            </TextLine>
            <TextLine id="r1l5" custom="readingOrder {index:4;}">
                <Coords points="470,909 3406,904 3373,794 470,839"/>
                <Baseline points="489,888 633,890 778,890 923,890 1068,890 1213,890 1358,890 1503,888 1648,888 1793,888 1938,887 2082,887 2227,885 2372,885 2517,884 2662,882 2807,882 2952,881 3097,881 3242,879 3387,879"/>
                <TextEquiv>
                    <Unicode>Drantseilbahn gestiegen und die richtigen Porges haben Dich abgeholt und</Unicode>
                </TextEquiv>
            </TextLine>
            <TextLine id="r1l6" custom="readingOrder {index:5;}">
                <Coords points="455,1048 2801,1085 3372,1058 3401,941 454,964"/>
                <Baseline points="471,1019 616,1019 762,1020 907,1020 1053,1020 1199,1020 1344,1020 1490,1020 1636,1020 1781,1019 1927,1019 2073,1018 2218,1017 2364,1016 2510,1016 2655,1015 2801,1014 2947,1014 3092,1013 3238,1013 3384,1013"/>
                <TextEquiv>
                    <Unicode>Du bist in einem wunderbaren Abendkleid (wer ist das elegante junge Mäd-</Unicode>
                </TextEquiv>
            </TextLine>
            <TextLine id="r1l7" custom="readingOrder {index:6;}">
                <Coords points="487,1172 3398,1154 3361,1074 487,1092"/>
                <Baseline points="504,1149 647,1149 791,1149 935,1149 1078,1149 1222,1149 1366,1149 1509,1149 1653,1149 1797,1149 1941,1148 2084,1148 2228,1148 2372,1148 2515,1146 2659,1146 2803,1145 2946,1145 3090,1143 3234,1142 3378,1142"/>
                <TextEquiv>
                    <Unicode>chen?) in einem herrlich erleuchteten Saal beim Diner gesessen und nach-</Unicode>
                </TextEquiv>
            </TextLine>
            <TextLine id="r1l8" custom="readingOrder {index:7;}">
                <Coords points="478,1329 3286,1317 3286,1215 2980,1182 478,1198"/>
                <Baseline points="497,1280 635,1280 774,1280 912,1280 1051,1280 1189,1280 1328,1280 1466,1281 1605,1281 1743,1281 1882,1281 2020,1281 2159,1281 2297,1281 2436,1281 2574,1280 2713,1280 2851,1280 2990,1278 3128,1277 3267,1277"/>
                <TextEquiv>
                    <Unicode>her in der Halle, - und hast ein schönes Zimmer und hast gut geschlafen</Unicode>
                </TextEquiv>
            </TextLine>
            <TextLine id="r1l9" custom="readingOrder {index:8;}">
                <Coords points="477,1428 696,1457 823,1421 914,1461 1075,1417 1235,1468 1348,1413 1533,1479 1606,1457 1606,1333 477,1366"/>
                <Baseline points="495,1410 549,1410 604,1410 658,1412 713,1412 768,1412 822,1412 877,1412 931,1412 986,1412 1041,1412 1095,1413 1150,1413 1204,1413 1259,1412 1314,1412 1368,1412 1423,1412 1477,1410 1532,1410 1587,1409"/>
                <TextEquiv>
                    <Unicode>und bist entzückt. Stimmts?</Unicode>
                </TextEquiv>
            </TextLine>
            <TextLine id="r1l10" custom="readingOrder {index:9;}">
                <Coords points="479,1612 2941,1612 3345,1545 3345,1446 478,1488"/>
                <Baseline points="498,1545 639,1545 780,1545 922,1544 1063,1544 1205,1544 1346,1544 1488,1544 1629,1544 1771,1544 1912,1544 2053,1544 2195,1544 2336,1542 2478,1542 2619,1541 2761,1539 2902,1539 3044,1538 3185,1535 3327,1533"/>
                <TextEquiv>
                    <Unicode>Ich wandere jetzt nach Zuoz - es sieht aus, als würde es noch viele Mo¬</Unicode>
                </TextEquiv>
            </TextLine>
            <TextLine id="r1l11" custom="readingOrder {index:10;}">
                <Coords points="471,1712 599,1744 726,1682 832,1675 915,1708 959,1682 1032,1744 1094,1751 1185,1697 1280,1707 1280,1627 1046,1584 883,1631 671,1591 620,1628 547,1610 471,1632"/>
                <Baseline points="491,1674 529,1675 568,1676 606,1676 645,1676 683,1676 722,1676 760,1676 799,1676 837,1676 876,1676 915,1676 953,1676 992,1676 1030,1676 1069,1674 1107,1674 1146,1674 1184,1676 1223,1676 1262,1676"/>
                <TextEquiv>
                    <Unicode>nate weiter regnen.</Unicode>
                </TextEquiv>
            </TextLine>
            <TextLine id="r1l12" custom="readingOrder {index:11;}">
                <Coords points="470,1856 3140,1863 3260,1845 3260,1724 470,1725"/>
                <Baseline points="489,1806 626,1806 764,1808 901,1808 1039,1809 1177,1809 1314,1809 1452,1808 1590,1808 1727,1808 1865,1806 2003,1806 2140,1805 2278,1803 2416,1803 2553,1802 2691,1800 2829,1800 2966,1799 3104,1799 3242,1797"/>
                <TextEquiv>
                    <Unicode>Lebwohl, liebste Clara Katharina, ich küsse Deine Hände und Lippen und</Unicode>
                </TextEquiv>
            </TextLine>
            <TextLine id="r1l13" custom="readingOrder {index:12;}">
                <Coords points="487,1951 505,1951 531,1973 571,1954 611,1976 655,1965 669,1972 698,1950 742,1972 775,1965 774,1852 665,1881 640,1863 596,1874 559,1849 509,1882 487,1882"/>
                <Baseline points="504,1938 529,1939 554,1940 579,1940 604,1940 629,1940 654,1940 679,1940 704,1940 729,1938 755,1937"/>
                <TextEquiv>
                    <Unicode>Augen.</Unicode>
                </TextEquiv>
            </TextLine>
            <TextLine id="r1l14" custom="readingOrder {index:13;}">
                <Coords points="981,2110 1065,2118 1101,2093 1127,2115 1152,2101 1196,2108 1225,2080 1258,2076 1280,2098 1324,2077 1325,1971 1274,1971 1237,1989 1179,1973 1161,1984 1081,1947 1027,1957 983,1938"/>
                <Baseline points="1001,2066 1026,2066 1052,2067 1077,2068 1103,2069 1128,2070 1154,2070 1179,2071 1205,2072 1230,2071 1256,2070 1281,2069 1307,2066"/>
                <TextEquiv>
                    <Unicode>Dein A.</Unicode>
                </TextEquiv>
            </TextLine>
            <TextLine id="r1l15" custom="readingOrder {index:14;}">
                <Coords points="1519,2215 1551,2215 1573,2233 1635,2204 1657,2226 1701,2218 1737,2240 1774,2218 1821,2222 1821,2124 1766,2138 1748,2124 1690,2131 1661,2116 1628,2135 1599,2135 1559,2109 1519,2116"/>
                <Baseline points="1538,2184 1564,2185 1590,2186 1617,2186 1643,2185 1670,2184 1696,2184 1722,2184 1749,2184 1775,2186 1802,2187"/>
                <TextEquiv>
                    <Unicode>- -</Unicode>
                </TextEquiv>
            </TextLine>
            <TextLine id="r1l16" custom="readingOrder {index:15;}">
                <Coords points="3467,234 3496,237 3518,229 3551,261 3588,256 3584,89 3566,89 3558,82 3533,94 3496,80 3463,88"/>
                <Baseline points="3486,210 3513,216 3540,213 3567,210"/>
                <TextEquiv>
                    <Unicode>78</Unicode>
                </TextEquiv>
            </TextLine>
            <TextEquiv>
                <Unicode>














</Unicode>
            </TextEquiv>
        </TextRegion>
    </Page>
</PcGts>
