3771 4707
2022 485 3418 664 31.12.1926. Berlin.Hotel Esplanade.
693 584 3344 732 Mein Liebes, von gestern habe ich zu erzählen, dass ich mittags mit
694 688 3404 879 Wiegler, Herz,Krell - lauter Ulsteiner zu Mittag aas; W. sprach ich
702 853 3142 1005 schon vorher, erzählte von deinem Roman -und er versprach ihn
691 966 3389 1121 gleich mit gebührender Aufmerksamkeit zu lesen. Was ich sonst über
694 1084 3417 1282 Kikungsaakxx xxx filmgeschäftliches von ihm erfuhr - Herz führt
683 1219 3462 1430 oft Verhandlungen mit Filmleuten - war nicht sehr erfreulich. Montag
682 1361 3337 1548 spreche ich endlich Herrn Schröder - ohne mir besondere Hoffnungen
679 1460 3417 1705 zu machen. - Abends gestern war ich bei Volpone, um mir Albert Stein-
681 1616 3199 1780 rück anzusehen. Die Aufführung viel gröber als in Wien. Albert
671 1771 3288 1942 Steinrück zu meiner Freude blühender als je - das "Wunder" an das
666 1904 3350 2052 man glauben möchte, wird sich wohl auf eine falsche Diagnose im vo-
668 2026 3396 2207 rigen Jahr reducieren lassen. Nachher mit ihm, Heini und Paul M. ge-
659 2138 1187 2280 nachtmahlt. -
655 2260 3312 2439 Heute Vormittag Besprechung bei Fischer (Büro) und wahrscheinlich
647 2432 3269 2597 auch mit Herrn Fleg. Albert erzählte mir gestern, dass er im Film
644 2504 3391 2732 "Liebelei" mitwirkt.- Er hat an Fritzens Grab einen alten Mann dar-
652 2683 3304 2823 zustellen, der mit der Handlung gar nichts zu tun hat (und von dem
634 2821 3262 2979 ich bisher nichts ahnte). So steht ein grosser Name auf dem
643 2929 3296 3092 Zettel, die Firma kostet's einen Pappenstiel (eine Vormittagstunde
635 3064 3328 3257 für Steinrück - die grossen Rollen werden von Unbekannten gesielt -
629 3202 1785 3317 und so werden Filme gedreht!
617 3303 3404 3478 Abend nachtmahle ich wahrscheinlich mit Fischers bei Michaelis.-Mor-
622 3469 3354 3665 gen fahre ich nach Zehlendorf zu Steinrück, um seine zwei Kinder und
613 3579 3279 3768 sein Haus kennen zu lernen; esse mit Heini; am Abend der berühmte
601 3702 1461 3833 Hamlet bei Jessner.-
610 3843 3305 4043 Und heute zupTisch bin ich bei Goldmann. Das Wetter ist auch wei-
621 3961 3266 4172 terhin grauenhaft und meine Stimmung nicht übermässig heiter. Ich
603 4096 3294 4278 freue mich aufs Nachhausekommen und sehr auf Dich.Montag Früh will
3458 103 3596 261 36
