3770 4630
588 342 805 478 1928
618 459 880 588 20. 9.
2534 546 2808 649 helfen
642 596 3400 741 Und erkläre, dass ich mir unter keiner Bedingung lasse. Heftige
636 744 3501 878 Auseinandersetzungen dadurch provoziert. Unbegreifliches Benehmen
653 848 3491 985 von Frieda, die dazu kommt. Absolute Parteinahme für A.Ich stehe da wie
640 998 3497 1130 eine Verbrecherin, die den armen Mann zur Verzweiflung bringt. Was ich
635 1122 3346 1263 seit Monaten, Jahren mitmache, zählt alles nicht, Alles was ich vor-
645 1225 3414 1370 bringe, ist "idiotee, kleinlich, schmählich". Ich fühle, das einzig Rich-
634 1390 3436 1527 tige wäre fortstürzen, die Türe zuschlagen, nie wieder kommen. Aber ich
629 1515 3444 1650 kann nicht, darf nicht. Wenn diese Aufregungen Folgen hätten, wie könn-
637 1625 3428 1804 te ich das ertragen. Frieda verlässt für einen Augenblick das Zimmer.
627 1776 3422 1945 Er kommt auf mich zu. "Siehst du ein, dass du Unrecht hast, daß du zur
631 1903 3389 2040 Besinnung kommen musst?" - Ich wiederhole mechanisch: "Ja, ja, ich habe
623 2028 3462 2205 Unrecht, ich habe Schuld. "Er: "Nicht mit dem Mund sollst du es sagen,
628 2171 3349 2329 mit dem Herzen. Gib mer deine Hand.“ Er küsst mich. So. Erledigt.
614 2304 3351 2483 Er tut was er will und ich kusch. Wie graut mir vor dieser Existenz.
622 2433 3348 2593 21.9. Vormittag in der Stadt. Ich begegne Max L. Er frägt mich nach
609 2576 3291 2740 A. Ich sage, dass seine Stimmung meist noch eine verzweifelte ist.
608 2654 3343 2831 Max L. darauf: "Ich sage Ihnen, an allem ist diese Frau (O.) schuld.
619 2808 3292 2965 Ihr Einfluss auf junge Wesen war ein geradezu verderblicher. Meine
604 2926 3414 3113 Nichte Steffi (die sich wegen des Paychiater U. umgebracht hat) hat
602 3085 3348 3196 sie auch auf dem Gewissen. "Ich: "Sie begreifen, dass ich über diese
3109 3188 3296 3300 noch
600 3184 3577 3362 Frau nicht reden will, Obwohl sie mir vor Jahren, als ich mit A. nicht be-
610 3340 3462 3487 freundet war, schon sehr unsympathisch schien. "M.L.: "Ach,was wissen
599 3461 3380 3658 Sie von dieser Fraul Eine Person, die ihre 12jährige Tochter in Stien
601 3604 3486 3774 lässt, sich "ausleben" muss. Kein junges mädchen, das mit ihr in Berührung
607 3709 1958 3847 kam, ist glücklich geworden". etc.
600 3840 2366 3981 Am Abend bei "Bernhardi" mit A. und Frieda.
598 3970 3299 4147 Verhandlungen mit Mieter und eventuellen Käufer, meiner Wohnung. Wo
588 4091 1616 4264 und wie werde ich enden?
