3787 4719
2293 318 2918 495 3.1.29. Bl. 2.
735 511 3296 698 Arnoldos Gegenwart hat mir wohler getan, als ich vermutet hätte;
695 665 3394 838 und insbesondere einige allgemeine Gesprüche mit ihm haben mich in
674 789 3494 962 meinem Glauben an sein moralisches und geistiges Wesen noch befestigt.
671 891 3375 1075 Heini befindet sich eigentlich seelisch besser als ich nach seinen
680 1026 3491 1194 letzten Briefen vermutet hätte. Die Theatralischen Zustönde hier (und
727 1160 3433 1322 in der Welt) sind im Grunde die einzigen wesentlichen Ursachen sei¬
661 1278 2001 1436 ner gelegentlichen Depressionen.
651 1409 3472 1583 Es ist charakteristisch, dass sich auch diesmal, wo etwas concretes mit
674 1521 3434 1733 mir zu besprechen wäre, das Deutsche Theater nicht um mich kümmert. -
657 1681 3397 1860 Noch kein Brief von Dir da. Dein Sylvestertelegramm ist Dein bisher
672 1779 3572 1981 letztes Lebens- und Liebeszeichen. Vorgestern kam Dein vierter Brief vom
675 1934 3466 2121 30. - - Du kannst Dir kaum denken, wie sehr ich Dein geschriebenes Wort
711 2092 3438 2235 vermisse - Hoffentlich bleibe ich heute nicht ganz ohne Nachricht.-
693 2193 3525 2352 Für morgen Mittag bin ich (mit Mirjam und Naemah) zu Dora, für Sonntag
691 2344 3312 2487 bei Pieterkowski geladen (mit Heini und O.); - der Sonntag bliebe
653 2464 3402 2634 für Elisabeth Bergner frei, wenn ich überhaupt noch was von ihr höre.
679 2594 3344 2725 Uebrigens, -höflich-opportunistach, werd ich mich telephonisch nach
624 2734 3523 2904 ihrem Befinden erkundigen -; so problematisch ihre Temperaturen in je¬
617 2853 3663 3026 dem Sinne sind. Wenn sie auf etwas brennt, kann es immer noch (unleserlich)
638 3111 3252 3306 Ich umarme Dich zärtlich und bin mit innigsten Gedanken Dein A.
1924 3278 1988 3357 - - - - - -
