3771 4723
628 929 699 1053 de
675 343 1473 510 Forts. vom 2.2.1931.
640 509 3394 685 Ich soll am Abend hinüber, weil die Hofrätin Z. und Frieda dort sind.
629 712 3404 848 Am Abend sagte mir Frieda.A. sei so nervös, erkläre, er wolle nur Ruhe
650 794 3463 963 und man dürfe keinerlei Forderungen an ihn stellen (ich möchte wissen,
752 952 3394 1091 für Forderungen ich stelle) und es sei eine Verstimmung zwischen
663 1066 3308 1209 uns. Das alles wieder weil ich erraten habe, dass er mit Dr. D. über
649 1220 3386 1350 uns gesprochen hat. Denn ich hab ihm ja nicht ein böses Wort gesagt.
646 1361 3322 1512 Aber jetzt bin ich wirklich am Ende meiner Kraft und Geduld.Morgen
627 1475 3258 1592 oder übermorgen will er für 2-3 Tage Kurhaus Semmering. Ob diese
626 1620 3282 1768 Höhe für ihn jetzt gut ist, ob man ihn allein fahren lassen kann -
649 1741 2479 1871 ich weiss es nicht, aber ich sag nichts mehr.
637 1847 3306 2000 3.2.1931.Vormittag. Nichts von A. gehört. Versuche zu Rudis Promo-
628 1992 3319 2115 tion zu gehen, aber wegen Studentenkrawallen war der Zugang zur Uni-
635 2126 3298 2280 verstät vom Ring aus unmöglich. Um 2 Uhr rief A. mich kurz an, teil
632 2270 3280 2396 mir mit, dass er eben auf den Semmering fährt und Freitag Nachmittag
644 2405 3274 2528 zurückkommen wird. Nicht einmal der Mühe wert gefunden hier vorbe
684 2516 3318 2646 zu kommen, nicht ein herzliches Wort. Was, was habe ich verbrochen?
632 2646 3382 2773 Ich muss am Abend zu Anna. Fest für Rudi. Wie gern blieb ich zuhaus.
678 2785 2073 2959 Schlafen - Schlafen, nichts wissen.
649 2923 3438 3057 4.2.1931. Rief heute Dr.D. an und frug ihn, ob er seinen Onkel vor der
631 3054 3286 3198 Abreise gesprochen hat. Er sagte: Ja, Montag Vormittag. (Also nach
631 3184 3230 3310 meinem Morgengespräch mit A.) Und dass er mich aussertelefonisch
680 3303 3202 3421 sprechen will. Ich bin um 1/5 bei ihm, ich erwarte nichts Gutes.
646 3444 3488 3587 4.2.1931. Also ich war bei Dr. Dr. Er sagte: "A. hat sich nicht über Sie
629 3556 3397 3712 beklagt, aber er betont immer wieder, dass er eines erotischen Gefühls
649 3703 3431 3812 nicht mehr fähig ist (als ob ich das verlangte), dass es ihn ennervie-
631 3846 3308 3988 re und quäle, dass Sie Zärtlichkeiten von ihm erwarten,dass er frei
624 3958 3430 4083 sein will, zustun, was ihm beliebt, ohne Rechenschaft ablegen zu müssen
642 4086 3396 4210 etc. Ich erzählte ihm die Vorgänge dieses Winters und er meinte, dass
629 4220 3379 4379 er seelisch vollkommen auf meiner Seite stehe und dass es ein Marty-
3513 117 3686 282 148
