3686 4706
2755 236 2837 386 de
2607 333 2980 495 31.7.26.
566 490 3456 604 Eben Deine Karte von 20. Der angekündigte Brief hoffentlich am Nachmit-
569 604 3368 737 tag.Habe gut geschlafen, gegen Morgen von Dir geträumt. Wir tanzten zu-
571 775 3425 918 sammen unter freiem Himmel einen modernen Tanz. Im Haus driß schien ein
622 857 3322 1002 est zu sein, man hörte Musik - wir waren ganz allein und der Tanz war
565 1023 3386 1140 sehr aufregend. Pjötzlich kam eine Art Luftballon vom Himmel, ganz tief
572 1155 3368 1290 bis zu uns herab. Ich machte Dir lachend den Vorschlag uns anzuhängen
567 1267 3461 1380 und mitzufliegen, aber Du meintest, es könnte plötzlich sehr hoch gehen
574 1437 3359 1560 und es wäre dann unmöglich abzuspringen. Wir tanzten und Duwarst sehr
580 1514 3544 1644 zärtlich. Da kamen Damen und Herren vorbei, die uns wohlwollend zuläachten
570 1647 3403 1811 und wir erkaunten unter ihnen die Lovsky vom Volkstheater. Du sagtest:
603 1780 3359 1943 "Diese Leute unterhalten sich doch immer", worauf ich meinte: "Findest
557 1947 3488 2084 Du nicht, dass wir uns auch unterhalten?" - "Das zwischen uns ist doch mehr
589 2073 3443 2199 als unterhaltend" war Deine Antwort und sie könnte es fast in Wirklich-
557 2178 3272 2298 keit sein, nicht? Wir umfingen uns wieder und ich erwachte - leider!
553 2295 3462 2442 Jetzt Schluss. Die Sonne scheint, der Himmel ist blau und ichwill an die
546 2427 1399 2614 Luft. Ich küsse Dich
1423 2560 1677 2695 Deine
1672 2685 1872 2845 C.K.
3412 110 3569 242 313
