3674 4687
2799 279 3217 427 29.12.29.
609 479 3304 606 sie oft die Unwahrheit sagt, dass man sich in ihrer Stellung biegen
602 631 3287 763 muss und ich sei nur auf biegen oder brechen eingestellt, und über-
602 753 1541 912 haupt ganz anders etc.
1125 851 3328 1014 In der Allgemeinen soll ein sehr hübscher Artikel über
622 1004 2361 1143 "Spiel der Sommerlüfte" von Ullmann stehen.
1122 1165 3335 1268 Meine Schwester ist auch sehrbegeistert, lässt Dir noch
614 1295 3378 1387 vielmals danken und sagt, dass das Volkstheater gestern gesteckt voll
622 1422 2441 1529 war und grosser Beifall nach dem zweiten Akt.
1132 1529 3401 1681 Ich gehe nach Beendigung des Briefes zu ihr und am Abend
608 1668 3366 1821 lege ich mich mit "Christin Lawrence Tochter" zu Bett. Ich bin vorges-
615 1796 3369 1920 tern mit "Voltaire" fertig geworden, obwohl das ganz unrichtig ausge-
615 1894 3317 2089 drückt ist. Noch nie ist mir eine menschliche Erscheinung durch ein
605 2077 3321 2181 Buch so klar, so lebendig geworden. Ich habe geradezu das Gefühl ihn
2925 2159 3064 2239 der
620 2200 3360 2327 persönlich zu kennen. Jetzt ist die "Lawrence Tochter" an Reihe,
604 2344 3157 2488 dann kommt "Barbara", "Fouché" (nebstbel Martha Karlweis,da ist
604 2476 3341 2586 Treue nicht nötig), die Géraldy-Stücke etc. Mit dem Arbeiten beginne
604 2552 2974 2752 wohl erst wieder, bis die ennervanten Feiertage vorbei sind.
1111 2723 3255 2853 Richtig, die Hofrätin sagte mir, Alma und Werfel seien
603 2854 3375 2996 längst verheiratet, nur sie habe es gewusst. Alma hat (momentan eine
595 2973 3200 3102 Streptokokokken-Angina (ich schätze, sie hat Schnupfen). Am 12. wird
595 3112 3397 3245 sie bei einer Opern-Première sein, zu der er den Text geändert hat und
608 3243 2784 3364 am 14. Jänner fahren sie nach Aegypten. Nicht schlecht!
1106 3381 3292 3492 Für heute genug und nur noch rasch einen innigen Kuss
605 3485 1230 3648 von Deiner C.K.
