3787 4703
2021 232 3068 479 Hohlenschwangau, 24.8.1928.
652 509 3278 645 Mein Liebes, gestern kam den ganzen Tag kein Brief von Dir -dafür
670 635 3286 786 heute mit der ersten Post (es gibt nur zwei) - und ich merke doch
670 770 3371 899 mit Freude, dass Dir die Erholungstage auf dem Semmering körperlich
702 852 3484 1072 und seelisch wohl tun; -brich sie nicht aus kleinlichen Rücksichten zu
736 1026 1061 1150 früh ab.
647 1158 3313 1280 Von vorgestern hab ich noch zu berichten, dass mein Arbeitsversuch
737 1239 3424 1418 völlig missglückte. Seelische, geistige, körperliche Müdigkeit und Kri¬
762 1416 3395 1562 sen die vorläufig nicht besser werden. Ich klage nicht darüber - ja,
689 1532 3493 1685 ich bin überzeugt, dass es allmählig und vielleicht bald besser werden
755 1660 2001 1819 ird, man muss eben Geduld haben.
668 1789 3435 1955 Gestern Vormittag allein an den See; köstliches Herbstwetter, die Land-
680 1924 2866 2029 schaft noch ergreifender; und mein Herz noch schwerer.-
724 2059 3375 2176 Nachmittag kamen O. und A.; Berichte aus Venedig - nun ist alles er-
691 2196 3487 2324 ledigt.-Lass mich über alles Nähere und übere die Abendstunden schwei-
724 2343 968 2480 gen.-
705 2449 3406 2605 Es ist nicht unwahrscheinlich, dass in den letzten Augusttagen Dora
671 2580 3368 2749 kommt und zusammen mit 0. nach Berlin fährt; das genaue Datum kann
689 2686 3545 2841 ich heute noch nicht sagen.- Ich habe keine weitere Nachricht von Dora; -
685 2849 3406 2969 es kam gestern vom Karersee ein Brief an O.- A. muss
685 3015 3519 3124 am 5.9. in Sicilien - einem kleinen Nest Raguza (so heisst es nämlich)
717 3106 3347 3230 sein; - eine willkürliche, ja wie es scheint irrtümliche Verfügung.-
650 3247 3424 3371 Aber es wird wohl Monate dauern, bis die Sache richtig gestellt wird.
666 3357 3307 3481 Welche Existenz! - Und es ist doch noch immer wie ein böser Traum.
680 3482 3515 3633 Im Schlaf weiss ich gar nichts; - und am Morgen geht der böse Traum wie¬
719 3604 3366 3753 der weiter. Lebwohl für heute, mein geliebtes Kind, Deine Briefe tun
671 3736 2439 3913 mir sehr wohl. Ich umarme Dich zärtlich. Dein
2382 3891 2502 4054 A.
1711 3941 1933 4158 --
