<?xml version="1.0" encoding="UTF-8" standalone="yes"?>
<PcGts xmlns="http://schema.primaresearch.org/PAGE/gts/pagecontent/2013-07-15" xmlns:xsi="http://www.w3.org/2001/XMLSchema-instance" xsi:schemaLocation="http://schema.primaresearch.org/PAGE/gts/pagecontent/2013-07-15 http://schema.primaresearch.org/PAGE/gts/pagecontent/2013-07-15/pagecontent.xsd">
    <Metadata>
        <Creator>prov=READ-COOP:name=TrHtr:version=0.0.6:model_id=44522:date=18_11_2022_04:28</Creator>
        <Created>2022-11-17T16:34:31.378+01:00</Created>
        <LastChange>2022-11-18T04:28:46.101Z</LastChange>
        <TranskribusMetadata docId="1233893" pageId="50260563" pageNr="176" tsid="104226087" status="IN_PROGRESS" userId="40391" imgUrl="https://files.transkribus.eu/Get?id=LJQLNETSYQWAKWISCKRBXOET&amp;fileType=view" xmlUrl="https://files.transkribus.eu/Get?id=OBASGCBPKKUUNBZRLZDUVVIA" imageId="41049006"/>
    </Metadata>
    <Page imageFilename="HIN-155550_0176.tif" imageWidth="3759" imageHeight="4683">
        <ReadingOrder>
            <OrderedGroup id="ro_1669749960469" caption="Regions reading order">
                <RegionRefIndexed index="0" regionRef="r1"/>
            </OrderedGroup>
        </ReadingOrder>
        <TextRegion id="r1" custom="readingOrder {index:0;}">
            <Coords points="378,97 378,4407 3618,4407 3618,97"/>
            <TextLine id="r1l1" custom="readingOrder {index:0;}">
                <Coords points="1730,368 2596,358 2596,263 2478,278 2429,233 2315,294 2281,271 2163,309 1859,269 1794,212 1730,219"/>
                <Baseline points="1748,350 1789,350 1831,348 1872,348 1914,348 1955,348 1997,348 2038,348 2080,350 2121,350 2163,350 2205,350 2246,350 2288,350 2329,350 2371,350 2412,348 2454,347 2495,347 2537,345 2579,342"/>
                <TextEquiv>
                    <Unicode>St.Moritz,24.1.1925</Unicode>
                </TextEquiv>
            </TextLine>
            <TextLine id="r1l2" custom="readingOrder {index:1;}">
                <Coords points="1958,447 2331,427 2418,473 2681,436 2787,479 2886,433 2992,476 2993,316 2620,379 1959,360"/>
                <Baseline points="1977,414 2026,416 2076,416 2126,416 2176,417 2226,417 2276,417 2326,418 2376,419 2426,419 2476,419 2525,419 2575,420 2625,420 2675,420 2725,420 2775,420 2825,420 2875,420 2925,420 2975,420"/>
                <TextEquiv>
                    <Unicode>(nach Wien,Hotel Regina).</Unicode>
                </TextEquiv>
            </TextLine>
            <TextLine id="line_1668716434302_2643" custom="readingOrder {index:2;}">
                <Coords points="409,551 3362,603 3363,492 2744,445 410,452"/>
                <Baseline points="429,530 455,530 482,531 508,532 535,534 561,534 588,536 614,537 641,538 667,539 694,539 720,540 747,540 773,540 800,539 827,537 1685,545 1772,545 1859,546 1946,548 2034,548 2121,549 2208,549 2296,551 2383,551 2470,552 2558,552 2645,554 2732,554 2820,555 2907,555 2994,557 3082,557 3169,557 3256,557 3344,558"/>
                <TextEquiv>
                    <Unicode>Liebste, nun also einige ausführlichere Worte zun "Ewigen Studenten". Die</Unicode>
                </TextEquiv>
            </TextLine>
            <TextLine id="line_1668716437455_2648" custom="readingOrder {index:3;}">
                <Coords points="423,677 3402,711 3270,610 423,593"/>
                <Baseline points="443,660 468,660 494,662 519,662 545,663 571,663 596,665 622,666 647,666 673,666 699,668 724,668 750,669 775,669 801,669 827,669 1700,678 1784,680 1868,681 1952,681 2036,683 2120,683 2204,684 2289,684 2373,686 2457,686 2541,686 2625,687 2709,687 2793,689 2878,689 2962,689 3046,690 3130,690 3214,692 3298,692 3383,693"/>
                <TextEquiv>
                    <Unicode>Geschichte ist sehr gut erzählt, in einem anspruchslosen Tone, nur zuweilen</Unicode>
                </TextEquiv>
            </TextLine>
            <TextLine id="line_1668716439801_2653" custom="readingOrder {index:4;}">
                <Coords points="416,814 3380,868 3301,738 417,738"/>
                <Baseline points="434,794 488,794 543,794 597,795 652,795 706,797 761,798 815,798 870,800 924,800 979,801 1033,801 1088,801 1142,801 1197,801 1251,801 1306,801 1360,799 1415,798 1469,797 1524,795 1709,804 1791,807 1874,808 1956,811 2039,812 2122,813 2204,815 2287,815 2370,816 2452,816 2535,817 2618,818 2700,818 2783,819 2866,819 2948,821 3031,822 3114,824 3196,825 3279,827 3362,830"/>
                <TextEquiv>
                    <Unicode>mit einem nicht so sehr volksmässigen, aber volkszeitungshaften Einschlag,</Unicode>
                </TextEquiv>
            </TextLine>
            <TextLine id="r1l9" custom="readingOrder {index:5;}">
                <Coords points="416,939 3380,973 3183,861 417,856"/>
                <Baseline points="434,926 580,927 726,929 873,930 1019,932 1166,933 1312,935 1458,936 1605,938 1751,939 1898,941 2044,942 2190,944 2337,945 2483,947 2630,948 2776,950 2922,951 3069,953 3215,954 3362,956"/>
                <TextEquiv>
                    <Unicode>der an verjährte Chiavacci'sche und Pötzl'sche Humore anklingt, (besonders</Unicode>
                </TextEquiv>
            </TextLine>
            <TextLine id="r1l10" custom="readingOrder {index:6;}">
                <Coords points="418,1080 3416,1108 3417,1013 2813,988 419,996"/>
                <Baseline points="437,1053 585,1056 733,1058 881,1061 1029,1062 1177,1065 1325,1067 1473,1068 1621,1070 1769,1071 1917,1073 2065,1074 2213,1076 2361,1077 2509,1079 2657,1080 2805,1082 2953,1083 3101,1083 3249,1085 3398,1085"/>
                <TextEquiv>
                    <Unicode>wenn Du von der Mila Tunfart und noch mehr, wenn Du xxxxx von den weibli-</Unicode>
                </TextEquiv>
            </TextLine>
            <TextLine id="line_1668716443584_2660" custom="readingOrder {index:7;}">
                <Coords points="421,1201 3167,1276 3388,1236 3389,1153 422,1110"/>
                <Baseline points="440,1187 480,1187 520,1188 560,1189 600,1190 640,1190 680,1191 720,1191 760,1191 800,1192 840,1193 880,1193 920,1193 960,1194 1000,1194 1040,1194 1080,1196 1120,1196 1160,1196 1200,1197 1241,1197 1800,1202 1878,1203 1956,1205 2035,1206 2113,1206 2192,1208 2270,1208 2348,1209 2427,1209 2505,1211 2584,1211 2662,1212 2740,1212 2819,1212 2897,1214 2976,1214 3054,1215 3132,1215 3211,1217 3289,1218 3368,1218"/>
                <TextEquiv>
                    <Unicode>chen Nebenpersonen sprichst). - Aber so angenehm sie sich liest - ich kann</Unicode>
                </TextEquiv>
            </TextLine>
            <TextLine id="r1l13" custom="readingOrder {index:8;}">
                <Coords points="419,1350 3242,1392 3243,1270 420,1232"/>
                <Baseline points="437,1316 576,1318 715,1320 855,1322 994,1323 1133,1325 1273,1327 1412,1329 1551,1331 1691,1332 1830,1333 1969,1335 2109,1335 2248,1337 2387,1338 2527,1340 2666,1341 2805,1343 2945,1344 3084,1346 3224,1347"/>
                <TextEquiv>
                    <Unicode>sie nicht wirklich interessant finden; wahrscheinlich deshalb, weil mir</Unicode>
                </TextEquiv>
            </TextLine>
            <TextLine id="r1l14" custom="readingOrder {index:9;}">
                <Coords points="417,1456 2704,1542 3259,1514 3261,1385 418,1346"/>
                <Baseline points="437,1445 577,1448 717,1451 857,1452 997,1455 1137,1457 1277,1458 1417,1460 1557,1461 1697,1463 1838,1464 1978,1466 2118,1467 2258,1469 2398,1470 2538,1472 2678,1473 2818,1473 2958,1475 3098,1476 3239,1479"/>
                <TextEquiv>
                    <Unicode>die Figur des Eusebius mit lebendigen Einzelzügen nur spärltch bedacht</Unicode>
                </TextEquiv>
            </TextLine>
            <TextLine id="r1l15" custom="readingOrder {index:10;}">
                <Coords points="411,1635 3425,1653 3369,1531 413,1506"/>
                <Baseline points="431,1578 579,1580 728,1583 877,1584 1025,1586 1174,1588 1323,1590 1471,1592 1620,1593 1769,1595 1918,1596 2066,1598 2215,1599 2364,1601 2512,1602 2661,1604 2810,1605 2958,1607 3107,1610 3256,1611 3405,1613"/>
                <TextEquiv>
                    <Unicode>erscheint. Es wäre vielleicht die Möglichkeit gewesen den Entwicklungsgang</Unicode>
                </TextEquiv>
            </TextLine>
            <TextLine id="r1l16" custom="readingOrder {index:11;}">
                <Coords points="401,1760 3293,1802 3351,1692 402,1650"/>
                <Baseline points="419,1709 564,1710 710,1712 855,1713 1001,1715 1147,1718 1292,1719 1438,1721 1584,1724 1729,1725 1875,1727 2021,1728 2166,1731 2312,1733 2458,1734 2603,1736 2749,1737 2895,1737 3040,1739 3186,1740 3332,1740"/>
                <TextEquiv>
                    <Unicode>eines solchen zum Studium verurteilten bäurischen Schwachkopfs, sein all-</Unicode>
                </TextEquiv>
            </TextLine>
            <TextLine id="r1l17" custom="readingOrder {index:12;}">
                <Coords points="408,1856 2539,1934 3398,1914 3444,1812 409,1768"/>
                <Baseline points="425,1838 574,1841 724,1844 874,1847 1024,1849 1174,1851 1324,1853 1474,1854 1624,1856 1774,1858 1924,1859 2073,1860 2223,1862 2373,1863 2523,1865 2673,1868 2823,1869 2973,1871 3123,1872 3273,1875 3423,1877"/>
                <TextEquiv>
                    <Unicode>mähliges Herunterkommen, die verschiedenen Milieus, die er durchwandern muss,</Unicode>
                </TextEquiv>
            </TextLine>
            <TextLine id="r1l18" custom="readingOrder {index:13;}">
                <Coords points="406,1985 3298,2023 3299,1939 2710,1913 407,1928"/>
                <Baseline points="425,1971 567,1973 710,1975 852,1977 995,1979 1138,1980 1280,1982 1423,1984 1566,1986 1708,1988 1851,1989 1994,1991 2136,1992 2279,1994 2422,1995 2564,1997 2707,1998 2850,2000 2992,2002 3135,2004 3278,2006"/>
                <TextEquiv>
                    <Unicode>den wechselnden Kreis seiner Bekannten und Kollegen, seine Konflikte mit</Unicode>
                </TextEquiv>
            </TextLine>
            <TextLine id="r1l19" custom="readingOrder {index:14;}">
                <Coords points="387,2099 1199,2189 3218,2150 3170,2043 388,2023"/>
                <Baseline points="407,2100 546,2102 686,2105 825,2106 965,2109 1104,2111 1244,2114 1383,2115 1523,2117 1662,2118 1802,2121 1942,2123 2081,2124 2221,2126 2360,2127 2500,2129 2639,2130 2779,2132 2918,2133 3058,2135 3198,2135"/>
                <TextEquiv>
                    <Unicode>dem Elternhaus, Versuche einer Auflehnung,- gelegentliches Haschen nach</Unicode>
                </TextEquiv>
            </TextLine>
            <TextLine id="r1l20" custom="readingOrder {index:15;}">
                <Coords points="404,2289 2900,2329 3364,2293 3366,2205 406,2179"/>
                <Baseline points="423,2231 569,2234 715,2237 861,2238 1007,2241 1153,2243 1299,2244 1445,2246 1591,2249 1737,2250 1883,2252 2029,2253 2175,2255 2321,2256 2467,2258 2613,2261 2759,2262 2905,2264 3051,2267 3197,2268 3344,2271"/>
                <TextEquiv>
                    <Unicode>andern sehr gemässen Berufen eindringlicher zu schildern. - Ich will nicht</Unicode>
                </TextEquiv>
            </TextLine>
            <TextLine id="r1l21" custom="readingOrder {index:16;}">
                <Coords points="387,2369 3328,2438 3211,2326 388,2316"/>
                <Baseline points="408,2361 553,2364 698,2366 843,2367 988,2370 1133,2372 1278,2373 1423,2376 1568,2378 1713,2379 1858,2382 2003,2384 2148,2385 2293,2388 2438,2389 2583,2391 2728,2393 2873,2394 3018,2396 3163,2397 3308,2399"/>
                <TextEquiv>
                    <Unicode>sagen, dass ich mich nach einem Roman dieser Art geradezunsehne; - aber Du</Unicode>
                </TextEquiv>
            </TextLine>
            <TextLine id="r1l22" custom="readingOrder {index:17;}">
                <Coords points="395,2510 3005,2580 3286,2569 3288,2455 396,2430"/>
                <Baseline points="413,2490 555,2492 698,2495 840,2498 983,2500 1126,2502 1268,2504 1411,2507 1554,2508 1696,2510 1839,2512 1982,2514 2124,2516 2267,2517 2410,2519 2552,2521 2695,2523 2838,2525 2980,2526 3123,2529 3266,2531"/>
                <TextEquiv>
                    <Unicode>hast Dich über alle diese Dinge so kurz gefasst, dass am Ende nicht viel</Unicode>
                </TextEquiv>
            </TextLine>
            <TextLine id="r1l23" custom="readingOrder {index:18;}">
                <Coords points="400,2635 2618,2727 3185,2697 3327,2574 401,2556"/>
                <Baseline points="419,2621 563,2622 707,2625 852,2627 996,2630 1141,2633 1285,2635 1430,2637 1574,2640 1719,2642 1863,2645 2007,2646 2152,2649 2296,2651 2441,2652 2585,2654 2730,2655 2874,2657 3019,2657 3163,2657 3308,2658"/>
                <TextEquiv>
                    <Unicode>mehr übrig bleibt, als ein-gewiss vorzüglich mitgeteiltes fait divers -</Unicode>
                </TextEquiv>
            </TextLine>
            <TextLine id="r1l24" custom="readingOrder {index:19;}">
                <Coords points="387,2764 3464,2876 3421,2689 388,2707"/>
                <Baseline points="407,2751 566,2755 726,2758 886,2760 1046,2763 1206,2766 1366,2768 1526,2771 1686,2773 1846,2775 2006,2777 2166,2780 2326,2781 2486,2783 2646,2785 2806,2787 2966,2789 3126,2792 3286,2793 3446,2796"/>
                <TextEquiv>
                    <Unicode>ein literarischer Lokalbericht, der an manchen Stellen wohl, besonders gegen</Unicode>
                </TextEquiv>
            </TextLine>
            <TextLine id="r1l25" custom="readingOrder {index:20;}">
                <Coords points="387,2924 3080,2975 3407,2964 3409,2877 388,2810"/>
                <Baseline points="407,2883 556,2886 705,2888 854,2889 1003,2892 1152,2894 1301,2897 1450,2899 1599,2901 1748,2903 1898,2906 2047,2907 2196,2910 2345,2912 2494,2913 2643,2915 2792,2916 2941,2918 3090,2919 3239,2921 3389,2921"/>
                <TextEquiv>
                    <Unicode>Schluss, zu rühren vermag, aber keineswegs dichterisch ergreift. Im Verhält-</Unicode>
                </TextEquiv>
            </TextLine>
            <TextLine id="r1l26" custom="readingOrder {index:21;}">
                <Coords points="380,3061 3161,3099 3311,3010 381,2947"/>
                <Baseline points="401,3012 545,3015 689,3018 834,3020 978,3023 1123,3024 1267,3027 1412,3029 1556,3031 1701,3033 1845,3035 1989,3036 2134,3038 2278,3041 2423,3042 2567,3044 2712,3045 2856,3048 3001,3050 3145,3051 3290,3054"/>
                <TextEquiv>
                    <Unicode>nis zu der im wesenhaften skizzenhaften Durchführung sind gewisse (z.B.</Unicode>
                </TextEquiv>
            </TextLine>
            <TextLine id="r1l27" custom="readingOrder {index:22;}">
                <Coords points="393,3171 2938,3226 3285,3200 3286,3101 394,3072"/>
                <Baseline points="413,3144 555,3146 698,3149 840,3150 983,3153 1126,3155 1268,3158 1411,3159 1554,3161 1696,3164 1839,3165 1982,3167 2124,3170 2267,3171 2410,3173 2552,3176 2695,3177 2838,3179 2980,3180 3123,3182 3266,3182"/>
                <TextEquiv>
                    <Unicode>auf medizinische Studien bezügliche) Details zu breit behandelt, - und zu</Unicode>
                </TextEquiv>
            </TextLine>
            <TextLine id="r1l28" custom="readingOrder {index:23;}">
                <Coords points="377,3293 2223,3366 3269,3264 378,3217"/>
                <Baseline points="398,3273 540,3276 683,3278 825,3281 968,3284 1110,3285 1253,3288 1395,3290 1538,3293 1680,3294 1823,3297 1965,3299 2108,3302 2250,3303 2393,3305 2535,3306 2678,3309 2820,3311 2963,3312 3105,3314 3248,3314"/>
                <TextEquiv>
                    <Unicode>dem freundlich-gefälligen Ton der Gesamtdarstellung wollen einige allzu</Unicode>
                </TextEquiv>
            </TextLine>
            <TextLine id="r1l29" custom="readingOrder {index:24;}">
                <Coords points="381,3422 3230,3474 3231,3379 382,3335"/>
                <Baseline points="401,3407 541,3409 682,3411 822,3414 963,3416 1103,3418 1244,3420 1384,3422 1525,3425 1665,3426 1806,3428 1947,3431 2087,3432 2228,3434 2368,3435 2509,3438 2649,3440 2790,3441 2930,3444 3071,3446 3212,3447"/>
                <TextEquiv>
                    <Unicode>realistische Einzelheiten meines Erachtens nicht sehr stimmen. Als ein</Unicode>
                </TextEquiv>
            </TextLine>
            <TextLine id="r1l30" custom="readingOrder {index:25;}">
                <Coords points="382,3578 3189,3637 3191,3516 383,3479"/>
                <Baseline points="401,3536 539,3537 677,3540 816,3542 954,3543 1093,3546 1231,3548 1370,3551 1508,3552 1647,3554 1785,3557 1923,3558 2062,3560 2200,3563 2339,3564 2477,3566 2616,3567 2754,3570 2893,3572 3031,3573 3170,3575"/>
                <TextEquiv>
                    <Unicode>deutlicher Beweis für Deine wachsende Gewandtheit im Erzählen ist mir</Unicode>
                </TextEquiv>
            </TextLine>
            <TextLine id="r1l31" custom="readingOrder {index:26;}">
                <Coords points="379,3704 3004,3764 3240,3734 3242,3608 380,3597"/>
                <Baseline points="398,3666 539,3668 680,3669 821,3671 962,3674 1103,3675 1244,3678 1386,3680 1527,3683 1668,3684 1809,3687 1950,3690 2091,3692 2232,3695 2374,3696 2515,3699 2656,3701 2797,3702 2938,3705 3079,3707 3221,3708"/>
                <TextEquiv>
                    <Unicode>diese neue Arbeit wertvoll; - nun wünschte ich, dass Du nächstens einen</Unicode>
                </TextEquiv>
            </TextLine>
            <TextLine id="r1l32" custom="readingOrder {index:27;}">
                <Coords points="381,3818 3265,3870 3309,3765 383,3704"/>
                <Baseline points="399,3795 543,3797 688,3800 832,3803 977,3805 1121,3807 1266,3810 1410,3812 1555,3815 1699,3816 1844,3819 1989,3821 2133,3823 2278,3825 2422,3827 2567,3830 2711,3831 2856,3834 3000,3836 3145,3839 3290,3840"/>
                <TextEquiv>
                    <Unicode>Stoff wähltest, der Deiner Seelenart und Deiner innersten Anteilnahme (es</Unicode>
                </TextEquiv>
            </TextLine>
            <TextLine id="r1l33" custom="readingOrder {index:28;}">
                <Coords points="372,3932 3301,4004 3302,3909 2543,3855 373,3867"/>
                <Baseline points="392,3924 536,3927 681,3929 825,3932 970,3935 1115,3936 1259,3939 1404,3941 1548,3944 1693,3947 1838,3948 1982,3951 2127,3953 2271,3956 2416,3957 2561,3959 2705,3962 2850,3963 2994,3965 3139,3968 3284,3969"/>
                <TextEquiv>
                    <Unicode>braucht darum noch kein persönliches Erlebnis sein) in höherem Mass ent-</Unicode>
                </TextEquiv>
            </TextLine>
            <TextLine id="r1l34" custom="readingOrder {index:29;}">
                <Coords points="371,4077 3353,4170 3355,4010 3215,3996 372,4012"/>
                <Baseline points="390,4055 537,4058 684,4060 831,4062 979,4064 1126,4067 1273,4069 1420,4071 1568,4074 1715,4076 1862,4079 2009,4082 2157,4084 2304,4086 2451,4089 2598,4092 2746,4095 2893,4098 3040,4100 3187,4103 3335,4106"/>
                <TextEquiv>
                    <Unicode>gegenkäme, als es diesmal,- an meinem Eindruck gemessen - der Fall gewesen</Unicode>
                </TextEquiv>
            </TextLine>
            <TextLine id="r1l35" custom="readingOrder {index:30;}">
                <Coords points="373,4200 3043,4302 3351,4270 3387,4176 374,4143"/>
                <Baseline points="393,4181 541,4185 690,4188 839,4193 988,4196 1136,4199 1285,4203 1434,4206 1583,4209 1731,4211 1880,4215 2029,4217 2178,4220 2326,4223 2475,4226 2624,4228 2773,4231 2921,4233 3070,4236 3219,4239 3368,4242"/>
                <TextEquiv>
                    <Unicode>sein dürfte. Ich respektiere diese Erzählung, aber ich hege keine Sympathie</Unicode>
                </TextEquiv>
            </TextLine>
            <TextLine id="r1l36" custom="readingOrder {index:31;}">
                <Coords points="359,4362 2609,4357 2873,4445 3258,4387 3260,4300 360,4267"/>
                <Baseline points="378,4322 521,4325 664,4329 807,4332 950,4335 1093,4338 1236,4341 1379,4344 1522,4346 1665,4349 1808,4351 1951,4353 2094,4356 2237,4358 2380,4361 2523,4362 2666,4365 2809,4367 2952,4370 3095,4373 3239,4376"/>
                <TextEquiv>
                    <Unicode>für sie. Anderen Lesern wird es gewiss anders ergehen; - und gegen eine</Unicode>
                </TextEquiv>
            </TextLine>
            <TextLine id="r1l37" custom="readingOrder {index:32;}">
                <Coords points="3489,234 3508,234 3523,249 3549,253 3561,264 3584,260 3610,272 3637,268 3637,120 3618,120 3602,131 3591,131 3580,120 3545,120 3519,146 3488,146"/>
                <Baseline points="3506,197 3534,198 3562,198 3590,197 3618,198"/>
                <TextEquiv>
                    <Unicode>126</Unicode>
                </TextEquiv>
            </TextLine>
            <TextEquiv>
                <Unicode>































</Unicode>
            </TextEquiv>
        </TextRegion>
    </Page>
</PcGts>
