3726 4662
2142 290 2826 512 9.8.1924. Bl.2
539 514 1223 691 der und Deutsche
590 664 3292 817 Ich würde mir den Aufenthalt hier sicher nicht aussuchen. Aber ich
549 793 3325 907 werde jedesfalls die 8-10 Tage hier bleiben, denn zum Ausruhn und Er
534 920 3237 1101 holen wird es ganz gut sein und mit dem Herumsuchen vertut man nur
552 1017 1428 1189 Zeit, Nerven und Geld.
545 1197 3439 1307 Ich lebe hier auch recht billig. Mein Zimmer ist viel kleiner und ein-
549 1337 3433 1476 facher als in Ragatz, aber doch bedeutend besser als Hotel National. Sehr
545 1451 3443 1584 sauber, ohne jede Aussicht und ich zahle nur 12 Francs im Tag. Das Essen
558 1585 3246 1725 ist auf derselben Stufe wie in Hof Regatz. Mit Pontresina nicht in
561 1705 3241 1835 einem Atem zu nennen. P.'s verstein ja nichts. Es ist gewiss nicht
555 1842 2309 1988 schlecht, aber zur Begeisterung kein Anlass.
579 1972 3340 2109 Am Abend sang in der Halle ein russischer Sänger sehr nett allerhand
539 2101 3342 2237 Volkmlieder. Ich versteckte mich hinter einer Säule, um der P.-Gesell-
582 2221 3347 2344 schaft zu entgehen und hörte zu. Beim Fortgehen musste ich aber doch
539 2361 3351 2512 annen vorbei, wurde vorgestellt und musste mich eine Weile zu ihnen
537 2483 3372 2646 setzen. Baron Haymerle sprach gleich von meinem Film, sagte, er sei sehr
2486 2594 2582 2677 Do
541 2627 3266 2776 gut, aber nicht, was für Amerika verkäuflich sei. Nach will man jetzt
523 2759 3259 2881 nur Moral und Sentimentalitäten, je blöder desto besser. "Liane" ist
528 2875 3176 3014 sehr herzig, aber wirkt doch flitscherlhaft. Acta Nilsen oder Erna
522 3037 3369 3206 Morena würden mich mehr interessieren. Ansonstengehören zur P.-Gesell-
526 3167 3329 3306 schaft eine grässliche Schwester der Hermine mit zwei miesen Kindern,
493 3263 3336 3436 eine sehr mindere Frau Stein und eine erische Frau Weiss, die mir aber
513 3378 1714 3547 dadurch nicht besser gefällt.
492 3499 3408 3705 Jetzt hoffe ich mich zu einem einsamen Spaziergang fortzustehlen. Nach-
492 3661 3482 3779 mittag muss ich viele Briefe schreiben, am Cary, von den ich hier hier Tele-
551 3774 3412 3923 gramm und zwei lange Briefe bekommen habe, an Emmy nach Gemming und di-
522 3904 1395 4064 verse Ansichtskarten.
513 4077 3242 4209 Ich kann mir die "technischen" Gründe nicht erklären, aus denen Lili
555 4206 3317 4366 nicht mit ihrer Mutter reist, habe aber merkwürdigerweise geehnt, dass
3518 103 3625 233 80
