3674 4647
484 401 3387 603 Verpflichtung besteht eine solche Beziehung - welcher Art immer - ein-
2034 546 2208 631 schac
470 579 3384 710 zugehen. Bei dir aber besteht offenbar eine solche Beziehung, und der
486 737 3382 891 Wunsch, nach Beziehungen jeder Art, denn sonst würdest du zu deinem vor-
483 841 3379 1002 jährigen Programm nicht noch das hinzufügen dass du mir in keiner wei-
466 966 1644 1093 se Rechenschaft geben willst.
477 1101 3276 1231 Als ich Dr. D. auf seine dringendes Zureden und um jede persönliche
471 1234 3367 1373 Unterredung zwischen uns zu vermeiden mit den zweierlei Möglichkeiten
483 1357 3372 1554 einer Wiederaufnahme unserer Beziehung zu dir gehen liess, fürchtete ich
482 1491 3327 1628 wol aber konnte es doch eigentlich nicht glauben, dass du damit einver-
480 1637 3383 1813 standen sein wirst dass auch ich alle Freiheiten und Rechenschaftslo-
480 1783 3384 1917 sigkeiten für mich in Anspruch nehmen wollte. Und als du es wirklich ta-
469 1899 3383 2033 test, war ein solches Gefühl der Beschämung und Entwürdigung in mir, wie
480 2019 2181 2181 ich es nie früher im Leben empfunden habe.
472 2166 3315 2298 Ich habe mir unser Alter anders gedacht, weis Gott. Ich habe geglaubt
474 2277 3301 2447 (es ist allerdings lange her) dass unsere Liebe trotz allem so stark
467 2364 3370 2579 und innig sein würde dass sie auch über die sogenannte "Erotik " hinaus
462 2519 3171 2681 und dann erst recht Glück Ruhe und Freude geben würde, oder mönnte.
448 2688 3254 2826 Meine Schuld ist es wahrlich nicht dass sie zu diesem Martyrium wurde
461 2779 3160 2942 und heute nur mehr etwas so Krankes und Armseliges übrig ist.
446 2927 3310 3085 Aber ich bin bescheiden geworden. Willst du unsere Beziehung unter dem
446 3070 3195 3214 Motto " Freundschaft Freiheit " aber ohne jede " Heimlichkeitund mit
454 3208 3361 3347 gutem Willen wieder auf nehmen dann komme heute Nachmittag zu mir herü-
450 3309 2635 3472 ber, und wir wollen nicht ein Wort mehr darüber reden.
459 3460 3362 3583 Ich bitte dich mir gleich nach Empfang dieser Zeilen nur zu telefonieren
453 3590 3329 3780 oder mich wissen zu lassen, ob du kommest oder nicht. - Ich bin heute so
447 3709 3272 3859 elend dass ich zu Bett bleiben muss um halb Acht kommt mein Sohn.
436 3841 3275 3998 Hältst du es für besser nicht zu kommen ( mit andern Worten gemeint -
459 3966 3305 4114 wenn du mit meinem Vorschlag nicht einverstanden bist - dann bitte kün
446 4085 3360 4222 mere dich überhaupt nichtmehr um mich. Wir müssen beide zur Ruhe kommen
464 4179 3277 4288 und du musst arbeiten können. - Wie sehr ich wünschte dass es innerlich
441 4247 3071 4386 anderss zwischen uns würde brauch ich wol nicht erst zu sagen.
2093 4355 2761 4535 Clara Katharina
3424 84 3578 279 244
