3782 4670
609 305 1285 441 Tgb. 19.6.1930.
582 507 3154 647 ich annenmen, dass irgendetwas vorgeht oder wieder geplant wird.
589 684 3403 820 20.6. Gestrige Unterredung mit Dora. Resuötat: Ich soll nicht so viel
593 824 3430 956 vorhanden sein, mich mehr distanzieren. Konflikte nur durch mich, weil
581 976 3441 1090 A. sich verpflichtet fühlt auch mit mir später zu reisen, wenn er jetzt
574 1065 3517 1205 mit Heini fortgeht. Meine Antwort: Dass dazu gar keine Verpflichtung be-
593 1217 3418 1335 steht, dass ich geradeso zufrieden bin, wenn er dann hier bleibt und wir
587 1331 3462 1489 in einem guten Einvernenmen sind. Sie darauf: Nein, das ist es nicht. Sie
628 1482 3359 1605 sollen selbständig fortgehen, sich auf eigene Füsse stellen, über den
589 1626 3547 1762 Sommer disponieren etc. An der Beziehung zur O. werden Sie nichts ändern.
579 1766 3560 1871 Die O. hat Qualitäten trotz ihrer Fehler. Das habe zwar nichts mit mir zu
590 1866 2467 2035 tun, aber ich solle mich mehr zurückziehen etc.
591 2100 3496 2237 Ich habe Schmuck versetzt, einen meiner Smaragdringe etc.900 S. bekommen.
591 2272 3379 2390 Ich fahre fort. Was sie gesagt hat war eine Unverschämtheit, aber nie
577 2384 3350 2530 hätte sie so zuusprechen gewagt, wenn A. sich nicht in diesem Sinn zu
593 2519 1421 2651 ihr geäussert hätte.
612 2704 3347 2847 22.6. Ich leide unsagbar. Dora hat ihm von der Unterredung erzählt,
585 2841 2251 2998 aber natürlich mit halber Aufrichtigkeit.
589 2976 3313 3117 Ich war zu Tisch drüben, trostloses Zusammensein. Er nimmt mir meine
577 3085 3536 3258 Stimmung Übel. "Was ist denn dabei, wenn man für ein paar Wochen auseinan-
572 3267 3055 3381 dergeht. Das ist doch keine Katastrophe, sondern Seelenhygiene.
567 3384 3393 3524 Dass ich nur fortehe, weil man mir es nahegelegt hat,weil er die "Ver-
584 3520 3456 3651 pflichtung" los sein will, mich in sein Sommerprogramm einzubeziehen und
564 3640 3296 3781 dass darin die Kränkung liegt, nimmt er einfach nicht zur Kenntnis.
585 3840 3646 3971 24.6. Trostlose Tage und Nächte. Ich lasse die Kerkheit von Frieda aber mich
648 3899 956 3995 ergeben
622 3967 3380 4102 übergehen, die mir erklärt, ich benehme mich nicht bedeutend. Ich soll
603 4093 3414 4188 mir den Mann doch anschauen, ob der noch fähig ist zu lieben. Ich habe
570 4224 3427 4376 ihr geantwortet, dass was sie sagt gar nicht an mich herankommt. Ach,
