3743 4602
581 298 825 447 1928
596 455 3507 602 5.6. angeschafft habe und Magda ihm von einer gelben Flauschjacke abge¬
600 548 1719 706 redet hat. Was für Kinder!
607 670 3408 821 Abend mit A. bei "Oedipus Rex" (Strawinsky) und "Barbier von Bagdad". Nachher
609 809 1889 970 "Mesl &amp; Schadn" genachtmahlt.
597 931 3413 1089 6.5. Vormittag Besorgungen. Dann Friedhof. (Meines Vaters Sterbetag).
612 1094 3486 1204 Abend mit A, "Das Ende Petersburg" (russischer film). Grandiose Bilder,
567 1203 3404 1358 aber man möchte glauben, dass im Volk nur edle Seelen sind, alle übrigen
558 1349 3451 1475 Menschen Verbrecher. - Nachher beim "Eisvogel" gemachtmahlt. Müde Stim¬
607 1497 839 1635 mung.
604 1595 3497 1732 7.6. In der Früh Sonne, dann wieder grau. Mässiger Sommer. Telefonisches
609 1748 3336 1851 Gespräch mit A. Ich fühle, über wie vieles er sich kränkt und ärgert
563 1876 3397 2026 und verstehe es. Werner Krauss hat seit 14 Tagen den "Gang zum Weiher"
609 2013 2758 2174 und hat noch keine Silbe geäussert. Schauspielerpack!
604 2127 3508 2288 Was werde ich mit meinem Roman mitmachen. Und es ist der letzte Ver¬
606 2256 2704 2425 such! Kein Mensch ahnt, was ich für Geldsorgen habe.
614 2396 3448 2526 9.6. Vormittag von 1/2 10-12 Besorgungen. Polizei, Pass, Creditanstalt etc.
600 2528 3419 2696 Am Abend mit A. Kino "Frauen im Abgrund". Elender Film. Dann Kurhaus¬
562 2663 3289 2789 keller. Zärtliche Stimmung. Am Montag sollen wir nach Ischl fahren.
572 2800 2482 2933 Wetter am Tag schwül, gewittrig, am Abend Regen.
615 2918 2533 3100 Spieglers haben gekündigt. Was für neue Sorgen!
547 3076 3529 3207 10.6. Herrliches Sommerwetter. Vormittag mit A. im Prater. Gute Stimmung.
604 3182 3386 3305 in den Praterauen spazieren. Mittag Harry. Ich gab ihm 120 Schilling
606 3304 3414 3449 für seine Reise. Er war sehr froh. Ich hoffe doch Einfluss auf ihn zu
596 3473 2779 3616 behalten.- Nachmittag Gisela B.- Dann fertig gepackt.
600 3593 3485 3727 11.6. Herrliches Wetter, gute Stimmung. Gott schütze uns auf dieser klei¬
603 3719 2922 3822 nen Reise und lasse uns in gutem Einvernehmen heimkehren.
599 3841 3455 4016 12.6. Die Reise sehr gemütlich, wenn sich auch A. über die Umständlich¬
601 3978 3409 4132 keit der Verbindung vorübergehend ärgerte. Am 11. Juni noch Winterjahr-
