3783 4723
663 274 1327 442 T gb. 27.4.1929.
680 422 3483 620 schaft, gewöhnlich in doppelter Bedeutung. Herrliches Essen, wundervoll
688 622 3321 735 gedeckter Tisch, 2 Diener servieren. Bruchteil einer Konversation;
677 749 3487 888 Prof.Tandler: "Warum gibts kein Scholet?" - Kunsthistoriker Grinschitz:
677 859 3342 958 "Was ist Scholet?" - Julius Bauer: "Sind Sie ein waschechter Goi?" -
688 995 3411 1149 Grimschitz: (lachend) "Ja, ganz waschecht". Prof.Tandber: (zu Renner)
684 1112 3501 1234 Sie, Renner, Sie sind schon ganz verjudet. " - Julius Bauer: "Sie. Doktor
689 1289 3298 1416 Rennner, das ist ein Kompliment". -Dr-Renner: "Ich habe mich an die
690 1398 3422 1510 Juden gewöhnt". - Prof.Tandler: "Vielleicht haben sich die Juden erst
670 1530 1785 1661 an Sie gewöhnen müssen... "
698 1648 3427 1757 Um 4 Uhr zuhause. Später kleiner Spaziergang, da die Sonne verspätet
682 1781 3453 1887 herauskam. Stiller guter Abend. Gedichte von Werfel gelesen. Pracht-
682 1876 1647 2061 voll! Zeitlich zu Bett.
670 2101 3508 2232 28.4. Ein wirklicher Frühlingstag und wirklich beginnen die Bäume zu
673 2228 3528 2354 blühen. Mit A. Autofahrt; Rohrerwiese, Weidling am Bach, Kirling-Kloster-
688 2362 3325 2535 neuburg. Ein paar Schritte zu Fuss gegangen, die ersten Blumen ge-
681 2466 2241 2627 pflückt. A. voll sanfter Zärtlichkeit.
672 2632 3520 2763 Zu Tisch Harry und Fredi. Fredi geht mir bei aller Teilnahme doch sehr
715 2749 3447 2918 auf die Nerven. Anastasia (russische Grossfürstin) gelesen. Welch ein
673 2871 3412 3033 Schicksal, warum erschüttert mich jetzt alles so sehr? Meine Lebens-
687 3009 1675 3166 angst oft überwältigend.
680 3202 3423 3371 29.4. Gestern Abend bei A. Vor dem Nachtwahl kurzer Spaziergang. A.
692 3356 3478 3464 erzählt, dass er Vormittag in seiner Abwesenheit von der O. aus Berlin
685 3468 3417 3604 angerufen wurde und sie morgen wieder anrufen wird. Nun kann man ja
677 3604 3254 3742 wieder auf allerlei gefasst sein. Offenbar Reisenprogramme. Der
646 3755 2757 3868 Abend und A.'s Stimmung standen unter diesem Druck.
682 3948 3411 4074 30.4. Mittag. Also: O. fährt zur Erholung an den Wörthersee. A. und
680 4058 3158 4196 Arnoldo sollen hinkommen. Idylle! Irgendetwas muss geschehen.
665 4198 2719 4364 Mittag die Kinder. Ich zwinge mich heiter zu sein.
3514 129 3691 277 232
