3782 4638
714 463 3405 583 nur der weniger Nächte) in ihren Armen gestorben, und da auch Lud¬
698 586 3340 706 wig vom Begräbnis des Schwiegervaters zur Premiere, rpct. in die
698 686 3364 834 Nähe der früheren Geliebten eilt, ist es vielleicht des Guten oder
691 826 1411 959 des Bösen zu viel.
679 965 3513 1088 Überleg es dir. Ich will nicht, recht behalten, aber ich kann nur so
682 1093 1505 1249 sagen was ich spüre.
673 1214 3483 1367 Dann ein paar Ausserlichkeiten. Im Jahre 1930 ist auch im schäbigsten
673 1359 3472 1480 Absteigquartier sicher keine Kerzen-Beleuchtung mehr, und eine Junge
663 1487 3383 1611 Schauspielerin trägt kein Kostüm mit Muff. Überhaupt sind in dieser
672 1596 3430 1747 Richtung einige Regie-Bemerkungen verfehlt. Ich schreib wenn es dir
681 1751 2824 1866 angenehm ist nach nochmaliger Lektüre, eingehender.
666 1877 3470 2020 Deine Einstellung zu dem Stück liegt nur in Deiner Stimmung und
670 2028 3480 2145 zwar in Deiner momentanen Stimmung. Wie gesagt – ich glaube an dieses
666 2127 3479 2258 Stück und sehe nicht ein, inwiefern es ein Regie-Buch ist und kein
672 2248 2619 2387 Stück ist, weil es viele Regie-Möglichkeiten bietet
647 2271 3408 2444 Gestern nach 6 Uhr ging ich zum ersten Mal zum Mühlbrunnen und trank
590 2439 3393 2584 meinen Becher in einem gräulichen Menschenstrom, der einer semitischen
592 2590 3307 2700 Völkerwanderung glich und zwischen dem Brunnen und Pupp hin und her
587 2722 3313 2858 zirkuliert. Später kaufte ich mir etwas Schinken, Butter und Oblaten,
594 2846 3277 2955 kam um 18 Uhr nachhause, da ich totmüde und hungrig war, schrieb an
592 2969 3434 3118 Carry und Magda, von denen ich ein sehr liebes Telegramm hier vorfand,
594 3123 3267 3256 las bis gegen 10 Uhr "Mrs. Biest pfeift" – ein Buch, das noch stärker
592 3230 3347 3409 und besser zu sein scheint als Remarques "Im Westen nichts Neues", jedesfalls
595 3341 2307 3506 merkwürdiger - und war vor 10 Uhr im Bett.
620 3509 3461 3652 Heute schon um 7 Uhr Früh beim Brunnen, dann bei Pupp gefrühstückt
590 3635 3295 3770 von 9–10 zuhause diesen Brief begonnen, den ich jetzt fortsetze, dann
624 3765 3343 3910 im Stadthaus. Direktor Gietscher erst in einer Stunde zu sprechen,
588 3870 3300 4031 Mich soll in einer Stunde, etwa um 12 wiederkommen. Ich lasse meine
615 4029 3383 4158 Belege dort und gehe spazieren. Um 12 – Direktor G. lässt mir sagen,
586 4173 3246 4291 ich bekomme eine Ehrenkarte, habe alles frei, Bäder, keine Kurtaxe,
576 4278 3337 4396 freien Besuch der Rennen etc. Ich soll doch was Hübsches über Karls¬
570 4428 3211 4557 bad schreiben und ich soll entschuldigen, wenn er mich heute nicht
