3827 4505
1151 99 2804 364 Apholismen Sommer 1931
642 626 3411 833 Wir sollten uns nicht immer auf unser Wesen oder aus unser Schicksal
592 815 3379 980 ausreden,- wir können dem einen und dem andern bis zu einem gewissen
584 938 3302 1070 Grad die Macht unseres Willens entgegensetzen. Nur willensschwache
649 1073 3012 1249 Menschen unterliegen völlig ihrem Wesen und dem Schicksal.
1654 1236 2038 1393 - - - - " - -
643 1502 1130 1664 Mit traditi
1524 1491 3300 1690 umen bedeutet noch lange keinen Fortschritt,
1367 1652 2678 1824 rott der eigenen Lebensfähigkeit.
689 1623 1148 1805 aber oft den
654 2088 3408 2238 Schwache Menschen sind meist wehrlos gegen diejenigen, von denen sie
670 2212 3357 2372 ausgenützt werden. Ja, sie empfinden sogar etwas wie Bewunderung für
668 2373 3225 2507 sie, aber sie sind hart und oft grausam gegen jene, von denen sie
664 2487 3340 2687 sichgeliebt wissen, denn es ist die einzige Gelegenheit sich Stärke
654 2623 1250 2803 vorzutäuschen.
1692 2754 1944 2904 - - - -
1170 2917 1395 3057 eau
637 3024 3252 3167 Kompliziert hei ist oft nichts anderes als es sich leicht
614 3133 3229 3271 machen, indem man seine Einstellung zum Leben, zu den Menschen und
639 3275 3480 3429 Dingen nach Laune und Bequemlichkeit ändert. Der einfacherere und kla-
640 3420 3455 3549 rere Charakter muss noch lange nicht der ärmere sein - er weiss viel-
612 3492 3514 3676 leicht nur Haltung zu bewahren, wo der andere aus Haltlosigkeit in aller-
606 3632 2970 3838 le Farben schillert, von denen keine einzige waschecht ist.
1748 3811 2078 3914 - - -
