3771 4722
1955 276 3334 456 Berlin, 16.3.1929.Hotel Esplanade.
745 535 3417 653 Mein Liebes, gestern kam noch Dein Brief, gerade als ich mein Zimmer
705 661 3388 772 verliess; danke tausendmal. Ich war im Bureau bei Fischer, der sich
699 769 3454 915 in der Angelegenheit "Der Weg ins Freie" so engherzig und verschlos-
695 922 1868 1051 sen wie nur möglich zeigte.-
697 1008 3466 1195 Ichbspeiste zu Mittag bei O. mit Paul Marx und Suzanne Schülein (die
697 1174 3423 1332 bei 9. wohnt; höchst begabte Malerin, hat zuletzt Albert
739 1318 3546 1450 aquarelirt, Französin, alte Bekannte. - Um 4 nach kurzem Spaziergang zu-
704 1422 3462 1595 haus, vor 16 Heini.-Sehr ausführliches Gespräch mit ihm - die klägli-
699 1590 3464 1723 chen Theaterverhältnisse; -er gehört in Berlin zu den 10% des bestbe-
698 1701 1665 1858 zahlten Schauspieler! -
687 1807 3331 1956 Mit Elizabeth Bergner bei Horcher soupiert, da sie um 11 Uhr Nacht
685 1930 3468 2069 Probe für eine Steinrückfeier hatte, wurde aus dem Nachtmahl in ihrem
663 2086 3538 2205 Haus wieder nichts. Wir beschlossen einen Brief an Strnad, den ich eben
681 2208 3556 2356 schrieb, mit einem technischen Vorschlag, den der Theatermeister Duorski
704 2356 3461 2456 für durchführbar hält; - geht Strnad darauf nicht ein - so werden wir
744 2456 3487 2577 wohl auf anderer Seite verhandeln müssen; denn von der Sache selbst
706 2603 3463 2730 will Elizabeth B. weniger abgehen als je. Sie erzählte xxx unglaub-
694 2753 3388 2846 liches von den Intrigen und Abredeversuchen, die am Werke sind; die
675 2847 3507 2979 Feigheit und Albernheit der Directoren und Journalisten.- Heute Abend
705 2999 3537 3128 ist sie mit Direktor Klein zusammen, auf den wir sie wie ich die besten
729 3116 3412 3291 Hoffnungen setzen. Ich glaube, mein Gespräch mit ihm war das bisher
701 3257 3413 3406 positivate Ergebnis meiner Berliner Reise - dessen Folgen sich erst
694 3370 1753 3537 allmählig zeigen werden.-
691 3519 3410 3626 Aus Wien habe ich, von Deinen Briefen abgesehen, noch keinerlei Nach-
701 3640 3512 3797 richt.-Mit meinem Besuch bei Wiegler warte ich noch bis ich erfahren
696 3781 3368 3916 habe, ob er sich indess gemeldet hat. Heute ist ein schöner kühler
691 3895 3492 4044 Sonnentag; -Vormittag kommt Bela Balacz in einer Filmsache zu mir; dann
682 4007 3387 4150 werde ich mit Heini, der Probe hat, in der Staats-
699 4161 3532 4352 theaternähe speisen. Abends wahrscheinlich Michaelis, mit Kino vorher.-
3600 117 3667 252 09
