3771 4634
2513 242 3247 378 9.1.1930. Bl.2.
687 450 3354 561 abgelehnt. Ausserdem sprach ich im Hotel den Maler Krausz, der den
649 563 3298 699 oft ausgesprochenen Wunsch mich zu malen dringendet wiederholte.-
649 679 3460 855 Meinen Expressbrief hab ich natürlich am Sonntag erhalten; am Tag da-
682 842 3464 1009 rauf kam auch noch mit andern eingesandten Briefen die Einladung von
650 1020 3316 1137 Alma. Ich hab ihr geschrieben, dass ich mich in Wien gleich melden
2181 1054 2306 1159 a
660 1090 3344 1247 werde.-Was Ullstein anbelangt hab ich berichten, dass Hans Jakob
700 1193 1027 1280 neulich
689 1223 3489 1386 xx xxx (seiner Behauptung nach) Herrn Kreil geschäufeigt hat (und das
658 1350 3500 1480 in den kurzux Vossischen eine sozusagen liebenswürdige aber bemerkens-
647 1482 3496 1684 wert dumme Kritik (in der versunkenen Welt-Weiz) über "Spiel" zu lesen
653 1621 867 1747 war.
653 1734 3312 1917 Vorläufig beabsichtige ich Dienntag nach Wien zu fahren; - Sonntag
655 1913 3468 2027 Früh werde ich mir erlauben Dich anzurufen; und dann musst Du mir er-
655 2002 3106 2143 zählen, - denn in dem Brief von heute steht überhaupt nichts.
649 2128 2371 2281 Ich umarme Dich und bin immer der Gleiche.
1678 2255 2008 2395 Dein A.
1734 2396 1939 2520 ----
3559 80 3690 261 20
