3673 4674
2840 319 3218 471 10.8.26.
583 492 3288 640 Dich früner treffe. Heute möchte ich eine Dampferfahrt machen, aber
624 664 3367 783 die Sonne, die ich dazu wünschte, ist leider noch nicht zu sehen. Und
579 787 3378 920 nun danke ich Dir noch für Deinen sehr lieben Brief, der gestern Vor-
580 931 3262 1069 mittag hier eintrafmund für den heutigen Anruf und überhaupt. Und
593 1046 2155 1198 küsse Dich, mein Liebes, und freue mich.
1588 1184 2083 1357 Deine C.K.
591 1440 3328 1607 Samstag war ich noch in Deinem Haus. Frau Kl. war ganz beglückt, als
600 1616 3202 1728 ich telefonisch anfrug. Es wird herrlich! Alles Nähere mündlich.
