3759 4667
1948 287 2788 385 Wien, 3.8.1925. Früh.
1909 364 2953 474 (nach Riva,Palace-Hotel).
662 483 3388 631 Mein Liebes, heute Früh, wo ich Dir immer zu telefonieren pflege, will
637 614 3388 719 ich Dir den ersten Gruss nach Riva senden, wo Du, wie ich hoffe, wohl-
629 745 3433 910 behalten mit Karl angekommen bist (jetzt bist du eben in Lienz ange-
632 889 952 1030 langt).
638 961 3351 1125 Es ist ein Sturm, dass sich die Bäume biegen; geschlafen ziemlich un-
677 1133 3396 1256 ruhig mit verrückten Träumen. Neues hat sich nicht ereignet-Fräulein
617 1308 3323 1426 S. ist wohl aussehend angekommen und hat viel von Frau Schwarzwald
631 1392 3466 1553 erzählt, die jedesfalls eine merkwürdige Erscheinung vorstellt und aus-
710 1540 3423 1645 serordentliches leistet. (Man muss die Leute, die einem zuwider sind,
629 1686 3397 1797 anerkennen, damit erwirkt man sich das Recht sie auch weiterhin nicht
601 1805 1395 1923 leiden zu können).
607 1898 3351 2106 Bitte den ersten Brief an mich am Mittwoch abzusenden, ev. Donnerstag
627 2067 3427 2214 Früh, damit er nicht vor meiner Ankunft, aber gleich nach ihr im Karer-
623 2192 3203 2340 pass-Hotel anlangt. Ich küsse Dich in aller Zärtlichkeit. Dein A.
1687 2336 1956 2429 - - - - —
3500 126 3634 271 177
