3787 4703
1924 350 2778 503 Semmering, 23.8.1928.
638 544 3416 679 Mein Liebes, endlich heute Abend wieder ein Brief von Dir. Es ist der
613 697 3334 868 vom 21. Ich war so froh, als ich ihn in Händen hielt und nun bin ich
615 840 3305 936 doch auch wieder sehr traurig, denn ich fühle Dein Leid und dass es
652 946 3416 1096 noch gar nicht besser wird. Alles was ich Dir sagen könnte und möch-
614 1078 3343 1193 te, wird auf die Entfernung zur Phasse. Ich müsste bei Dir sein, Dich
613 1238 3270 1327 streicheln können. Ach Gott, ich darf nichtdenken, sonst kommen mir
617 1349 3335 1495 gleich die Thränen in die Augen. Heute Vormittag holte mich Emmy R.
600 1503 3415 1641 wieder in der Meierei und ich begleitete sie ein Stück gegen den Ort-
613 1612 3371 1743 hof zu. Sie ging weiter zu Alma auf den Kreuzberg, aber ich lehnte ab
606 1724 3399 1846 mitzukommen, da ich ohne Aufforderung nicht hin mochte. Sonst war ich
611 1883 3458 2008 den ganzen Tag allein. Es ist schon sehr herbstlich und kühl und lange
610 1993 3492 2125 werde ich es kaum mehr aushalten. Jetzt bin ich schon zwei Abende nicht
599 2097 3456 2277 aus meinem Zimmer gegangen und weiss noch nicht, ob ich mich heute dazu
584 2275 3296 2416 aufraffen werde. Der Gang hinüber ist so kalt und das Umkleiden so
579 2396 3407 2519 f ad.Ach, mein Liebes, wenn ich Dir nur sagen könnte, wie einsam ich mich
608 2513 3330 2667 fühle und wie mir manchmal zu Mut ist, aber ich weiss, dass ich jetzt
603 2638 1678 2791 nicht an mich denken darf.
598 2781 3327 2948 Was mir immer an und für sich unfasslich bleibt, ist - dass man sich
609 2939 3360 3079 vernichten kann, wenn man sich so geliebt weiss. Die Tat selbst ge-
602 3031 3366 3167 hörtewohl früher oder später zu ihrer Wesensart. Mein Liebes, klaube
605 3201 3316 3322 mir, -Lili hat Dir den furchtbarsten Schmerz zugefügt, aber es wären
601 3293 3333 3394 Jahre der Qual und Sorge gewesen, die Dir bevorstanden und Du kannst
590 3398 3301 3566 heute nicht wissen, wie Du das ertragen hättest. Ich möchte Dir so
635 3552 3324 3704 gerne etwas sehr Liebes und Gutes sagen, aber alle Worte erscheinen
589 3684 3296 3859 mir zu schwach und ich kann Dich nur in Gedanken ganz fest an mein
590 3805 1843 3943 Herz drücken und küssen. Deine
1909 3955 2116 4079 C.K.
