3770 4723
2306 206 2912 366 22.3.29. Bl. 3.
689 405 3191 533 bitte Dich, mein Kind, sich die Dinge wie sie sind; - an unserer
2700 510 2994 594 empfind
626 560 3366 684 Beziehungs kann nichts - etwas ändern; - und kränkend ich nur
683 684 3316 830 was Du von der materiellen Seite der Frage magst.-Was hat das mit
651 816 1719 957 dem wesentlichen zu thun.-
635 886 3385 1051 Ich sag Dir jetzt Adieu, mein Liebstes. Montag Früh ruf ich an - ich
792 1033 994 1109 mich
634 1065 3433 1214 traumlich nicht zu sagen, dass ich dann schon den definitiven Abreise-
636 1206 3203 1358 tag feststellen kann, Schlafwagen hab ich für Mittwoch genommen.
646 1323 2194 1454 Ich umarme Dich in aller Zärtlichkeit.
2043 1475 2363 1616 Dein A.
1767 1583 2007 1745 ------
3617 15 3685 103 Ce
3535 91 3672 274 224
