3771 4694
304 524 3471 684 früher wird er wol von Frau P. genug haben - dann werden sie, da sein. Da sie ja
261 667 3525 826 vorläufig selbst garnicht den Wunsch hat sich in eine sicher nicht leichtes
253 809 3391 936 Joch zu begeben und sich auch etwaige Vergnügungen und Chancen nicht entgehen
257 929 3465 1095 lassen will, ist sie mit der Auffasung ganz zufrieden und sichert sich nur die
249 1073 3493 1187 spätere Zuflucht. Aber ich sagte ihm von allen diesen meinen Gedanken kein Wort.
245 1197 3432 1340 29 ten. Als ich heute beim Frühstück saas erschien A. mit freundlich lächelnder
252 1306 3472 1473 Niene. Gleich nach den ersten Worten sagte er: Jetzt müssen wir auch an deinen
259 1465 3437 1592 Schlafwagen denken. Ich denke du fahrst Samstag oder Montag. Na schön dann ist
269 1587 3504 1729 ja auch das in ein paar Tagen vorbei. Bemerken möcht ich hier, dass er mir nach
294 1724 3513 1870 Neudorf schrieb : -Ich möchte schon heute feststellen, dass es mir garnicht eilt
260 1865 2323 2008 nach Venedig und nochweniger nach Wien zu kommen/-
265 1977 3439 2131 Ich hatte damit gerechnet, dass wir gegen den 15 ten in Wien sein würden stat
257 2137 3550 2306 dessen werde ich spätestens am 4ten dort eintreffen. So viel beschwerliche Herum
264 2217 1384 2407 fahrerei für die paar Tage.
260 2358 3390 2497 Auch ein paar Tage können schön sein, - dafür stehn, aber sie müssten erfüllt
259 2481 1989 2652 sein von Glück. Ich bin nicht glücklich.-
250 2612 3518 2760 Nach Tisch A. zu mir gekommen meine Wange gestreichelt. Sofort war ich in besse-
251 2770 3475 2878 rer Stimmung. Wie bescheiden bin ich geworden. Ich will ja nichts als warm und
253 2914 3257 3044 herzlich zu ihm sein können. Wenn er es einem nur nicht so schwer machte.
243 2996 3467 3184 Am Nachmittag gut gearbegtet. Die Novelle gedeiht. In der Dännerung eine Stunde
261 3162 3457 3300 am See gerudert. Schön, dieses sanfte Hingleiten und die hauchzarten Federwol-
266 3270 3478 3429 ken am Himmel. A. wieder kühl und fern. Er fühlt sich nicht wol. Wir nachtma-
254 3440 2583 3555 len in unserm kleinen Beisel und gehen zeitlich schlafen.
250 3526 3534 3660 31 ten Ich lasse A. allein spazieren ghen.- Ich arbeite. Mittag Bad und grosse
246 3675 919 3834 Zärtlichkeit--
238 3747 3445 3932 Gegen Abend Spaziergang. A. wiedr betont reserviert. Literarische Gespräche.
262 3945 3384 4061 Ish bemühe mich eine mögliche Stimmung aufrecht zu erhalten. Einmal nehme ich
243 4079 3462 4194 seinen Arm nach einer Weile gehen wir doch wieder getrennt. Er vermeidet je-
253 4161 3510 4370 de Geberde die einer Verbundenheit ühnlich sieht. Zwisch a unseren Zusammensein
261 4348 3497 4454 im vorigen Jahr und diesen, liegen Welten von törichten Hoffnungen begraben. Was
251 4451 3426 4568 wollte ich denn je anderes als ihm Freundin Geliebte und einst Gefäh in seines
3575 89 3679 227 48
