3742 4674
2472 265 3202 442 1. Juli 1924 Bl.2
655 468 3293 640 nur in der Druckerei nur gehört, es sei kein Platz gewesen und das
616 636 3257 770 komme sehr häufig in letzter Minute vor. Ich meinte, dass, wenn man
617 776 3416 924 Gedichte so dringend reklamiert, müsse man auch den Platz reservieren.
607 891 3315 1032 Richtig, gestern Vormittag war ich wieder bei Frau Rundt, berichtete
616 1051 3328 1181 über meine Unterredung mit Direktor Thal, die ich nicht für sehr aus-
627 1173 3236 1288 sichtsreich hielt. Frau Rundt, die sich für mich zu interessieren
628 1300 3252 1433 scheint, sagt, sie würde selbst nochmals mit Thal sprechen und mich
627 1415 3258 1591 auch bei Frau Heller anmelden. Sie empfahl mir auch nochmals mich
621 1556 3340 1707 an Zsolnay zu wenden, aber in der Richtung tue ich nichts, ohne Deine
650 1668 3235 1847 Ansicht gehört zu haben. Frau R. sprach dann noch ziemlich lang
611 1799 3385 1974 mit mir, über ihr Leben, ihre Vergangenheit und allgemeine Kunstfragen
601 1953 3351 2094 und Geschmacksrichtungen. Wir sind da nicht sehr einer Ansicht. Sie
614 2074 3251 2255 scheint sehr intelligent, hatviel gesehen und viel gehört, ist aber
631 2206 2154 2359 sogar mir zu männlich und zu deutsch.
617 2335 3314 2458 Eben kam ein grosser Rosenstrauss von Herrn Thiess, der für 14 Tage
620 2497 3384 2647 nach Ischl führt. Ich weiss bei Gott nicht wie ich dazu komme. Poldi
648 2579 3265 2772 wollte sie zu Deinen Rosen dazu tun, die leider schon im Abfallen
620 2733 3366 2885 begriffen sind, aber ich habe geschrieen und sie damit ins Wohnzimmer
613 2867 3422 2983 geschickt. Sie soll sich denken, was sie will. Heute Mittag kommen Anna
609 3017 3314 3151 und Maria, die Samstag Abend abreisen. Ich werde diesen Brief gegen
654 3119 3289 3285 Abend und morgen Früh weiterschreiben und dann wohl nach Salzburg
626 3224 3337 3366 senden, da er Dich laut Programm in Baden-Baden nicht mehr erreichen
643 3394 2341 3537 dürfte, auch wenn ich ihn heute abschicke.
601 3516 1170 3661 18 Uhr Abend.
579 3646 3421 3821 Ich sehe eben beim Durchlesen, dass ich anfangs Knal das Wort übrigens
602 3780 3411 3928 geschrieben habe. Da dies aber keine Stilübung sein soll, schreibe ich
591 3935 3342 4069 den Brief doch nicht ab. Um 4 Uhr sind meine Gäste fortgegangen und
604 4066 3288 4183 seither lese ich unausgesetzt Balzac. Ich kann Dir nicht sagen, wie
605 4165 3373 4286 mich dieses Buch ergreift, besonders dieses grosse kindliche Herz, das
577 4310 3405 4454 aus jeder Zeile spricht. Es ist alles Gefühl, Empfindung und gar keine
