3770 4670
3500 99 3699 276 24/4
1821 91 3066 333 Eigutaisige Capie
2088 307 2184 474 11
2450 253 3583 507 Elon et M. Collegii
660 414 1320 574 5ten Juni 1927
676 644 3387 776 In die sonnige Stille der letzten Tage ist ein furchtbarer Schatten
630 748 3391 899 gefallen. Frau L. (Lichtenstern) ist todt.- Auf einer autufahrt mit
668 879 3462 1066 Mann und Sohn, nach Reichenau verunglückt, der Mann selbst hat chauf-
670 1053 3414 1169 fiert, an einer abschüssigen Stelle geriet der Wagen ins Schleudern,
669 1159 3395 1287 zertrümmerte gegen einen Akazien- Baum, der Primarius und der Sohn
678 1294 3542 1408 wurden leicht verletzt, ihr wurde die Kehle von der Windschutz-Vorrich.
670 1397 3432 1553 tung durchschnitten- sie war augenblicklich tot. Das Unglück geschah
662 1552 3388 1688 gestern um 40. N. M.-A. war ahnungslos mit mir im Theater bei Peri-
665 1687 3532 1825 pherie" dann nachmahlten wir zusammen und sprachen von der kleinen Rei-
663 1822 3468 1936 se, die wir Dienstag antreten wollen - Heute Früh brachte die Zeitung
669 1938 3434 2081 die Nachricht. Mir meine ersten Empfindungen klaar zu machen, ist mir
649 2060 3440 2219 nachträglich nichtmehr möglich - Ich hatte nur instinktif denn Wunsch,
660 2214 3393 2334 A. vor einem plötzlichen Chok zu schützen, ihn vorzubereiten ehe er
670 2340 3526 2504 die Zeitung zur Hand nahm und gleichzeitig hatte ich das Bestreben mit
659 2459 2504 2567 gegen ein unbeschreibliches Grauen zu währen-
662 2565 3456 2757 In meiner Verzweiflung telefonierte ich Frieda P. an um sie um Rat zu
668 2732 3510 2827 fragen. Sie war entsetzt, meinte aber ich könne nichts tun als abwan-
661 2858 3463 2988 ten, A. habe sicher schon die Zeitung in der Hand. Kaum hatte ich ab-
668 3010 3433 3127 geleutet, als A. mich anrief- er wuste schon seit einer Stunde, da
614 3121 3569 3261 man die Masseuran, ( Bronkovsky) die auch die seine ist, zu ihm geschikt
653 3256 3445 3423 hatte- Er schien ruhiger als ich gefürchtet hatte, vielleicht auch
656 3388 3410 3524 weil er meine namenlose Aufregung fühlte und verstand. Er sagte dass
655 3490 3417 3677 er sich gleich fertig macht und zu Prim- L. gehen will, aber jedenf
663 3635 3480 3752 falls auch zu mir kommen werde. Gleich darauf rief mich die Frieda an,
621 3760 3499 3899 und wieder hatte ich wie schon öfter die Empfindung, dass sie mich ver-
659 3905 3450 4045 letzen will. Sie frug ob ich A. schon erreicht habe und auf meine Mit
655 4025 3373 4163 teilung, dass er weniger aufgeregt sei als ich gefürchtet und viel-
652 4138 3301 4313 leicht, als ich selbst, - meinte sie (obwol sie merkte in welchem
