3811 4783
2007 347 2644 514 Wien, 19.5.1923.
640 499 3222 628 Gestern erhielt ich Ihre Karte mit dem geänderten Reiseprogramm
651 641 3290 780 vom 16. Ich habe es mühsam entziffert, freue mich sehr über xxx
639 757 3453 924 Ihre Erfolge und hoffe, dass Sie in guter Stimmung heimkommen. Mässen
635 888 3505 1031 Sie aber so lange in Berlin bleiben? Ich wollte eigentlich am 27. nach
635 1051 3367 1168 Gösing fahren, wenn Sonne und Wärme mich dahinlocken. Vorläufig ist
646 1143 3480 1275 es allerdings recht kalt und ich friere sehr. Man sollte vom Frühling,
643 1323 3457 1440 von den Dichtern und überhaupt nie zu viel erwaten, man ist dann immer
653 1411 2134 1581 irgendwie enttäuscht und ernüchtert.
1155 1558 3525 1732 Meine Expresskarte vom 16. haben Sie wohl vorgefunden? Ich
632 1675 3485 1841 dachte sie mir damals als die letzte dieser seltsamen Korrespondenz, da
646 1825 3520 1986 ich Sie zu Pfingsten in Wien glaubte. Nun wird wohl diese den Abschluss
638 1941 978 2098 bilden.
1119 2018 3539 2251 Heute Abend habe ich Gäste. Das Vergnügungsprogramm für die
606 2203 3481 2360 F eiertage ist noch nicht feststehend, hängt nach vom Wetter ab. Ich re-
678 2350 3510 2497 feriere dann mündlich. Ich hoffe noch Genaueres über Ihre Ankunft hier
632 2472 3507 2651 zu hören, der ich mit einiger Spannung u.s.w. entgegensehe.- Ich grüsse
618 2576 2200 2752 Sie herzlich und sage auf Wiedersehen.
1407 2735 1598 2863 Ihre
1630 2839 2405 3005 Clara Katharina P.
1609 3047 1925 3196 - - - - —
3549 121 3684 320 16
