3746 4666
2116 271 2930 463 18.1.25. Bl. 2.
605 479 3251 648 scheinen harmloser, vielfach ländlich wirkende junge Leute; sprach
601 604 3367 768 etliche; mir gegenüber sass der Rector, pathologischer Anatom, Prof.
2254 720 2466 801 Marti
603 759 3364 919 Wegelie - neben mir der sympathische Dr.Märxxxx vom Berner Bund,-
590 913 3436 1030 auf der andern Seite - der Sonnenstrahl (der mir indess eine amerika-
539 1024 3339 1136 nische Zeitschrift mit einem Artikel über sie und Ibsen ins
515 1154 3514 1304 Hotel geschickt hatte.) Auch Damen waren anwesend, darunter eine Schau-
2757 1251 2991 1334 eblut.
594 1267 3357 1435 spielerin des Berner Theaters.- Berliner Jüdin von Genlüt, die sich
546 1430 3399 1552 auch gescheidter stellte als sie war und mir psychologische Pirouetten
586 1533 3321 1669 vortanzte. - Am nächsten Morgen, 16. nach St. Gallen, eine 5stündige
523 1667 3289 1826 Fahrt; - aus der frischen und herbaren Schneeluft (ohne Schnee) kam
542 1800 3398 1973 ich in Nebel und Regen; - fuhr, in den "Hecht", trank mit einigen Herren
551 1925 3518 2086 von der Museumsgesellschaft Caffe, dann in mein Zimmer, zwei junge St. Da
587 2061 3466 2239 Gallnerinnen kamen mit rothen Rosen und Stambüchern; im übrigen Büro-
532 2200 3514 2343 mädeln aus Bürgerfamilien. - Ich fühlte mich b heiser werden: entschuldigte
513 2308 3429 2490 mich zu Eingang meines Vortrags mit ein paar Worten, las Warnung, letzte
523 2456 3419 2634 Maken, grossen Wurstl: es ging sehr gut. Dann sass man noch in einem Ex-
542 2599 3455 2759 trazimmer des Hotels zusammen (besonders gutes kaltes Souper - in St. G.
541 2722 3446 2851 war ich überhaupt durchwegs Gast) - ein Mädchenschulrector mit Gemahlin,
528 2845 3301 2999 ein oder zwei Philologieprofessoren, ein Kaufmann mit Frau, kurzum das
549 2946 3485 3084 "gute St.Gallner Bürgertum" - auch ein oder zwei st. Gallner Redakteure.-
998 3116 3410 3288 Wachte gestern 17. stark heisser auf, und fuhr in sehr mässi-
567 3258 3405 3367 gem Befinden nach Zürich. Hotel Gotthard. Correspondenz aus Wien nach-
520 3380 3410 3519 gesandt erhalten. Hr. Herbert Steiner, Dr. Bodmer Secretairé, auffallend
511 3478 3563 3637 kluger, nicht ganz chuzbeloser Jüngling, - sehr gut bekannt mit Beer-Hofmann,
518 3622 3333 3789 Hofmannsthal, Beziehungen zu George, Gundolf, Borchard u. s. w. War zu Dr.
527 3751 3453 3909 Faesi geladen, habe abgesagt, um nicht überflüssigerweise reden zu müssen.
516 3859 2061 4006 Auch Dr. Bodmer sehe ich erst morgen.-
943 4027 3483 4177 Die Zeitungsausschnitte wurden mir aus den verschie-
509 4115 3427 4323 denen Orten nachgesandt; meine Vorlesekunst wird sehr hoch eingeschätzt;
520 4261 3373 4461 ich habe tatsächlich was zugelernt (seit Holland u. Skandinavien + wann
483 4422 781 4561 nur).
3460 121 3626 305 117
