3759 4670
1814 198 2736 437 Bad Gastein, 19.8.1931.
645 421 3292 593 Mein liebes Kind, ich habe Dir soeben telegraphiert; "Nicht Heinis
674 611 3472 735 Abreise, aber Form, Gefühl und Einstellung Deines Briefes entscheidend.
658 727 2023 907 Lebwohl und alles Gute mit Dir."
658 843 3360 980 Dein Brief, der heute Früh eintraf, und mir namenlos weh gethan hat,
710 995 3439 1115 hat den letzten Zweifel gelöst, dass ich den am Semmering betretenen
662 1092 864 1180 Reg.
633 1147 1780 1241 Brief weiter zu gehen habe.
670 1253 3396 1367 Wären Deine Anrufe in Wien nach meinem Fortgehn nicht gewesen, hätte
693 1353 3242 1495 Dr. D. in seinem freundschaftlichen Verstehen meiner Verfassung
665 1517 3287 1654 nicht auf mich eingewirkt, so hätte ich das damals schon gewusst.
708 1637 3406 1774 Du hast mir am Telefon damals gesagt: "Wenn Du es erlaubst, bin ich
718 1795 3405 1912 am 15. bei Dir in Gastein" und Dr. Dr. war in seinem Brief derselben
714 1905 2731 2025 Ueberzeugung, die Du offenbar damals noch hattest.
714 2027 3423 2160 Trotzdem ging es nicht um das genaue Datum und den Ort des Zueinan-
638 2166 3398 2329 d erkommens. Ich war bereit aus Rücksicht für Dich,-Dich auch wo an-
700 2278 3471 2425 ders zu treffen, Dir entgegenzufahren, ich schlug Dir den 16., den 17.,
677 2409 3389 2569 den 18. vor als Du mir schriebst, dass Arnoldo erst am 18.Früh fort-
675 2565 3204 2693 fährt. Ich war schliesslich auch einverstanden nach Gmunden zu
721 2690 3202 2816 kommen. Und nun sollte ich noch 5 Tage länger hier bleiben, in
682 2791 3210 2925 diesem entlegenen und mehr als unsympathischen Haus bei diesem
726 2950 2882 3094 trostlosen Wetter,in dieser grenzenlosen Einsamkeit.
713 3123 3276 3229 Du weisst, dass für mich materiell jeder Tag eine Rolle spielt,
676 3209 3401 3343 dass ich mich dadurch in keiner Weise rühren kann, dass diese Welt
719 3330 3216 3471 von der Du immer sprichst nach einem Aufflackern weniger Tage
679 3440 3283 3595 nur ein negatives Resultat haben konnte, aber Du weisst auch sehr
679 3600 3239 3716 genau, dass ich mit Rücksicht auf Heini (denn in dieser Richtung
667 3755 3223 3875 verstehe ich alles) auch mit dem 23. einverstanden gewesen wäre
719 3878 3144 3990 wenn xxx ein Hauch von Liebe und Güte aus Deinen Briefen
658 3992 1218 4158 kommen wäre.
715 4109 3411 4306 Du weisst sehr genau, dass ich nicht eigensinnig und nicht bösartig
673 4294 3319 4413 bin. Es ist Dir nicht fremd, durch welche unaussprechlichen Qualen
