3746 4686
1761 318 2588 453 St.Moritz, 29.1.1925.
2014 361 3047 497 (nach Wien,Hotel Regina).
512 499 3329 612 Liebste, aus Deiner eben eingetroffenen Karte entnehme ich, dass Du mit
524 651 3370 780 der Verlängerung meines hiesigen Aufenthaltes nicht ganz einverstanden
518 750 3490 897 bist. Aber - Kind! Wärst Du nicht, so bliebe ich gewiss noch 14 Tage hier,
520 892 3336 1006 oder sagen wir mindestens acht. Die Nachwehen meiner Grippe schwinden
528 1042 3428 1142 ziemlich rasch, trotzdem es kein Uebermass von Sonne gibt, wenigstens in
516 1155 3381 1279 den letzten zwei Tagen: ein bischen Luftröhrenkatarrh und Stirnhöhlen-
519 1306 1730 1453 affektion ist noch vorhanden.
834 1432 3453 1554 Gestern habe ich in Campher gespeist und die Familie Pieterkows-
480 1561 3330 1667 ky kennen gelernt, wo Heini so viel verkehrt, sehr angenehme Leute, bei
518 1663 2036 1852 denen auch viel Musik getrieben wird.
795 1823 3373 1952 Gespräche persönlicher Art mit 0. gab es zwei bisher, von denen
540 1952 3329 2067 das erste wenig angenehm war, das zweite sich aber in einer sehr guten
527 2073 3358 2194 Weise entwickelte - einsichtsvoll geradezu, auch nach einer Richtung, wo
525 2246 2573 2348 es nicht zu erwarten war. Ueber all das mündlich.-
871 2324 3332 2461 Mit der Arbeit geht es in den letzten Tagen nicht übel; - die
523 2446 3320 2571 Therese ist bis zu einem gewissen Punkt so gut wie abgeschlossen - so
723 2560 875 2641 nun
519 2615 3392 2740 dass dieser Teil gewissermassen als ganzes zu betrachten und even-
523 2741 3377 2891 tuellso wie er ist zu veröffentlichen wäre. Aber noch immer besteht die
502 2853 3484 2993 Möglichkeit, dass ich den Roman weiterführe - beende.- Die Frau des Rich-
524 2986 3473 3136 ters xxx geht Mitte Feber an Ulstein; das Diagramm will ich im Frühjahr
519 3120 2245 3283 bei Fischer (keine Redaktion) publizieren-
825 3239 3448 3373 Meine Spaziergänge mache ich täglich allein; ich war in Celerina
515 3409 3355 3540 (wo ich dem Direktor einen Besuch abstattete). Auf der Chantarella (zu
514 3534 3372 3664 Puss natürlich) und will heute nach Kontresina. Um 5 Uhr bin ich immer
507 3653 2767 3812 zuhause, lese und arbeite. Das Hotel ist ausgezeichnet.-
828 3761 3284 3902 Ich wünschte mir sehr, Liebste, heute noch ein oder zwei liebe
510 3916 3357 4067 Briefe zu erhalten - die Antwort auf diesen hier hole ich mir ja glück-
509 4030 3572 4229 licherweise von angesicht zu Angesicht, von Mund zu Mund, von Herz zu Herz! -
502 4178 1922 4335 Sei tausendmal umarmt,Liebste,Dein
1953 4220 2033 4372 A.
1632 4299 1888 4437 ....... - -
3491 98 3641 282 131
