3758 4667
2138 249 3530 400 Berlin, Hotel Esplanade, 12.10.1925
2161 379 3078 553 (nach Wien, Peregring.)
664 526 3411 693 Mein Liebes, gut gereist, gut angekommen. Im Schlafwagen spricht mich
620 649 3516 783 eine Dame an, eine Frau Halbmayer, früher Fröhlich. Von diesem (früheren)
626 804 3449 924 Professor Fröhlich (dem ersten Gatten) war sie auf die Bahn begleitet
640 899 1815 1081 worden; reist nach Amerika.-
630 1023 3471 1189 Bei der Zollvisitation - Berlin, spricht mich ein Herr Schousthal (oder
623 1182 3558 1306 Härtlein) an, mit dem ich vor 3 Jahren in Correspondenz stand. (Ich soll¬
680 1344 3565 1467 te ihm bei allgemeiner Völkerversöhnung helfen). - Im Hotel schönes Zim¬
640 1449 3329 1598 mer mit Bad; Obst,Blumen, Schokolade (von Dora M.) - Und da sagst Du
673 1547 3496 1728 nichts.-Heini kam; vor der ersten Generalprobe vortrefflich aussehnd
603 1722 3509 1852 Albert Steinrück ist keineswegs so krank als man behauptet; - Heini sehr
681 1846 3504 1949 erstaunt über die Telegramme in den Wiener Blättern. Er liegt im Sana¬
680 1998 3417 2133 torium (noch nicht eruiert in welchem). Jetzt erwarte ich (nachdem
667 2099 3439 2241 ich mit dem Theater schon 2 mal telefoniert) einen Anruf Barnowskys -
635 2226 3389 2364 mit dem ich zu essen gedenke. Ankunft bei Sonnenschein; jetzt Regen.
625 2368 3394 2508 In den Zeitungen nichts von einer nahe bevorstehenden Aufführung der
666 2505 3366 2648 K.d.V. (Komödie der Verführung); der Secretär des Theaters äusserte
615 2650 2634 2777 sich sehr freudig, als er hörte, dass ich da sei.
608 2759 3329 2887 Leb wohl mein Liebes (weitere Briefe fand ich nicht vor, nur von Han
619 2879 2243 3069 Jacob). Ich küsse Dich tausendmal. Dein
2305 2964 2399 3156 A
1680 3136 1945 3274 - - - -
