3686 4723
1947 349 2590 478 Wien, 14.4.1928.
478 338 1239 511 An A.S.Mittelmeer.
470 495 890 691 Liebster,
824 634 3249 830 es ist kein Brief aus Triest gekommen und wenn Du ihn nicht
477 830 2965 933 express aufgegeben hast kommt auch morgen Sonntag nichts an.
918 943 3332 1079 Vor der Credit-Anstalt traf ich den J.Benedikt, der mir noch
637 1061 3287 1198 "Aufstieg" gratulierte, der ihm sehr gefallen hat und unbegreifli-
502 1205 3479 1330 cher Weise fand, dass ich "jung und entzückend aussehe", ich finde es nicht.
468 1305 3397 1449 Nachmittag war Frieda da, der ich zehngrosse Seiten diktierte. Sie schie-
464 1460 3368 1614 nen ihr zu gefallen. Für morgen Nachmittag habe ich mir eine Damenjause
472 1597 3284 1714 angetan, mir graust schon jetzt. Margarthe Königswarter, Emmy Erlanger,
513 1732 3369 1857 Margarete Blum. Ich bin heute doch nicht mehr ins Kino, da ich schon zu
468 1852 3397 2002 müde bin. Ich hoffe auf nächste Woche auf mehr Sonne, Wärme und Zerstreu-
472 1987 680 2099 ung.
881 2092 3337 2261 von der Presse kann ich trotz wiederholter Anrufe das Honorar
470 2237 3315 2361 für die Novelle nicht erfahren. Heute wurde ich auf Montag vertröstet.
2228 2376 2482 2517 15.4.
853 2510 3364 2642 Vor einer Stunde kamen Deine lieben Zeilen aus Triest, für die
468 2624 3342 2747 ich Dir herzlich danke. Jedesfalls scheint das Wetter dort freundlicher
481 2770 3341 2913 als hier, denn vorgestern regnete es hier den ganzen Tag und heute wehte
511 2919 3227 3021 ein kalter heftiger Wind. Ich werde Vormittag kaum fortehen. Deinen
1158 2973 1341 3065 noch
475 3019 3235 3164 Brief konnte ich nicht ganz entziffern. Wen Du am Bahnhof in Triest
477 3141 3219 3271 getroffen hast, konnte ich noch nicht herausbekommen, aber es ist auch
459 3283 3186 3417 nicht sehr wichtig. Beim Schluss sind mir auch ein paar Worte nicht
431 3399 708 3541 klar.
858 3545 2906 3686 Was hat Lili von Alma erzählt? Wie sieht Lili aus?
939 3675 3009 3829 Tausend gute Wünsche, Grüsse und herzliche Umarmung.
1212 3795 1658 3935 Deine C.K.
1697 3914 2577 4081 Fortsetzung Abend 19.
854 4028 3269 4227 Ich habe diesen Brief heute nicht abgeschickt, da man ihn des
459 4198 3201 4303 Sonntags wegen nicht ausgehoben hätte und auf die Hauptpost bin ich
435 4337 3217 4443 nicht gekommen, weil das Wetter zu elend ist. Regen und Wind. Gib nur
3499 99 3565 261 18
