3787 4687
2464 248 3273 419 13.10.1928. Bl.2.
665 479 3475 609 ist ein geschlagenes Volk so siegreich gewesen.-Mit dem Hotel bin ich
659 615 3522 751 weiterhin sehr zufrieden. Das Wetter ist wechselnd, heut ist es empfind-
670 726 3381 885 lich kühl, mein Befinden nicht schlecht, Schlaf sehr tief mit dunklen
673 853 3500 999 Träumen. Zur Arbeit komm ich natürlich nicht sonderlich. -Die Stimmung
660 978 3402 1127 ist nicht sehr frei und ebenig, wenn man das Wort erfinden darf; im
658 1136 3344 1252 ganzen aber denk ich tut der Aufenthalt hier und vor allem das Zu-
664 1260 3396 1401 sammensein mit Heini meinen Nerven und meiner Seele gut. Und Du bist
708 1425 3521 1567 mir immer die Gleiche, vertraut, geliebt und nah; - und ich wünschte, dass
665 1534 2107 1668 es Dir mit mir nicht anders ergehe.
657 1633 3438 1757 Die Auswirkungen hinrichtlich der neuen Wohnung werden Dich hoffent-
703 1792 2738 1944 lich in einer nicht unangenehmen Weise zerstreuen.
659 1906 3415 2069 Das kurze Gespräch neulich am Telefon - belief sich (nicht dringend)
673 2061 3359 2182 auf 16 Mark, darum habe ich mich, sparsam wie ich bin, heute etwas -
668 2141 3343 2343 kürzer gefaszt. Jedenfalls aber sprech ich Dich noch einmal, eh ich
697 2299 3153 2463 zurückfahre. Alles Gute und innige und einen zärtlichen Kuss.
1451 2443 1681 2567 Dein
1774 2492 1869 2691 A.
1811 2776 1936 2884 --
3506 96 3682 247 160
