3742 4674
2065 279 2692 416 Wien, 30.7.1923.
2239 376 3043 492 (nach Baden-Baden).
581 525 3344 711 Liebe, Schöne; am Freitag Abend fahre ich nach Salzburg und wäre sehr
591 697 3379 858 froh dort im Oesterreichischen Hof spätestens Freitag (also express,-
591 853 3291 974 aber nicht rekommandiert, resp.Montag Früh) eine, wenn auch noch so
595 976 3387 1085 kurze Nachricht zu finden, resp. zu erhalten. Wie lange ich in xxx S.
545 1099 3516 1242 bleibe kann ich natürlich nicht bestimmen - doch werde ich spätestens
529 1223 3285 1366 am 8. in B.-B. sein. Komm ich aber am 7. Abend an, so könnten wir uns
543 1361 3317 1504 vielleicht schon am 8. (Mittwoch Vormittag) in nächster Nähe Deines
543 1464 3320 1600 Sanatoriums treffen.- Sag mir, resp. schreib mir, welche Stunde Dir am
550 1630 3434 1735 bequemsten ist. Schreibe auch ferner Deine Telefonnummer und zu welcher
554 1742 3313 1849 Zeit ein Anruf Dich am sichersten erreicht. Wie ich mir meine Reise
547 1869 3387 1993 von Salzburg an einteile weiss ich nicht; es wäredenkbar, dass ich noch
555 1986 3321 2173 irgendwo in der Nähe von B.-B. Station mache, um nicht zu einer unge-
542 2118 3319 2253 schickten Stunde anzukommen; Stuttgart oder eher in Karlsruhe. Meine
556 2254 3418 2408 Familie dürfte wohl in B.-B. bleiben und keinen Höhenortmehr aufsuchen.
576 2420 3467 2553 Meine Stimmung ist heruntergegangen - ich bin mit meiner Arbeit wieder
541 2501 2464 2698 auf einem toten Punkt - es ist immer dasselbe.
518 2663 3241 2833 Von Dir seit drei Tagen kein Wort. Geht mir sehr ab. Lass mich ein
545 2787 3245 2945 gutes frohes Wiedersehen erhoffen - und sei sehr zärtlich geküsst.
1445 2926 1672 3048 Dein
1675 3047 1763 3196 A.
3450 115 3604 276 46
