3677 4702
2985 332 3067 458 2
2574 434 3029 602 11.8.1925.
478 570 3351 761 einen einen allzu langen Aufenthalt fehlen mir Wiesen und Wälder. Viel-
499 735 3312 897 leicht, wenn das Badeleben kultivierter wäre, die Leute nicht so graus-
521 850 3394 1007 lich (bis auf den Kirchenvater natürlich). Den Titel bekam er scheints,
517 986 3293 1130 weil er das nötige Geld zur Restaurierung der Ruprechtskirche vorge-
527 1096 3242 1269 streckt hat. Er tut übrigens sehr liberal, nachdem ich auf die Frage,
502 1240 3381 1410 ob ich den christlich-sozialen Abgeordneten Steiner gekannt habe, ener-
524 1377 3175 1548 gisch verneinte und ihn in Salo allein in die Kirche gehen liess.
1035 1509 3264 1676 Ich bitte Dich, mein Liebes, wenn Du diesen Brief morgen
536 1634 3365 1828 mittwoch Früh erhältzt, ihn gleich express zu beantworten oder zu tele-
589 1793 3302 1955 grafieren, so dass ich längstens Donnerstag Früh weiss, was ich soll.
516 1877 3284 2065 Wenn Lili an den Lido geht, könntest Du sie ja auf der Rückfahrt von
585 2042 3244 2209 der Schweiz via Tirano oder wieder in Bregenz treffen, von wo ihre
544 2176 3233 2339 Mutter dann nach Bade-Baden zurück fährt. Machst Du aber nur einen
540 2294 3237 2452 Ausflug für wenige Tage in die Schweiz und kommst am 20. zirka an
596 2415 3279 2598 den Gardasee zu mir, dann erwarte ich Dich hier und Du wirst sehen,
570 2546 3342 2731 ob es Dir hier behagt oder ob wir zusammen an einen andern Ort gehen
573 2695 3332 2850 sollen. Ich bin sehr neugierig, was Du beschliessen wirst, hoffentlich
557 2834 1999 2972 werde ich mich nicht ärgern müssen!
1129 2906 3422 3116 Ich danke Dir sehr für Deinen lieben Gruss von der Late-
572 3068 3467 3251 marwiese. Aber warum betonst Du den Mangel an Sentimentalität? Ich lege
578 3214 3260 3365 auf Sentimentalitäten keinen Wert, nur auf Sentiments. Aber es gibt
598 3349 3387 3490 Leute, die ihre Gefühle immer verleugnen aus Angst, man könnte sie für
586 3466 3356 3658 zentimental halten, bis die Gefühle an Glanz verlieren wie Perlen, die
621 3589 2535 3780 man einsperrt.-Dies nur im Allgemeinen bemerkt!
1116 3740 3357 3871 Und nun, mein Geliebter, neige ich demütig mein Haupt und
600 3855 3357 4023 sehe den Entschliessungen für Deine, den Vorschlägen für meine Person
586 4017 1843 4146 mit einiger Spannung entgegen.
1120 4094 3315 4277 Ich küsse Dich in Gedanken ohne Sentimentalität - aber
646 4219 2079 4340 mit verschiedenen anderen Gefühlen.
1604 4305 1848 4412 Deine
1878 4353 2094 4505 C.K.
3403 137 3548 304 190
