3759 4630
492 420 717 549 1928
493 580 2999 778 nachzusenden sind, da sie in Berlin eine Wohnung in Sicht hat.
503 749 3434 865 28.1. 0. heute Abend allein bei ihm, angeblich wichtige Besprechungen we-
441 855 3428 1004 gen des Spediteurs etc. Er teilt es mir telefonisch mit. Ich reagiere mit
504 986 3412 1135 keinem Wort. Wozu Worte? Zu Szenen, wie die im Vorjähr waren, lasse ich es
498 1161 3268 1281 nicht kommen, aber ich bin innerlich wie erstarrt. Ich arbeite viel.
511 1262 3524 1407 Ich weiss, sie ist wieder nahezu täglich bei ihm, ich wie der ausgeschlossen.
508 1392 3335 1540 29.1. Heute am Spaziergang doch die Katastrophe ausgelöst, durch seine
494 1553 3473 1667 Mitteilung, dass er am Abend mit der § 19.jährigen Pianistin L.K. ins Kon-
510 1656 3479 1812 zert geht. Ich sage nichts, mache nurb offenbar ein entsetztes Gesicht. Er
502 1773 3518 1902 darüber empört, erst eine halbe Stunde böses Schweigen, dann durch ihn pro-
487 1942 3402 2076 vozierte heftige Auseinandersetzung. Wirft mir Irrsinn und Herzlosigkeit
446 2081 689 2198 vor.
515 2158 3525 2318 30.1. Das nennt er Liebe. Ein Minimum an Takt hätte ihm gerade während O.A.
529 2323 3485 2428 Anwesenheit ein anderes Benehmen diktieren müssen. Aber ihn enerviert es,
518 2436 3407 2595 dass er mir anmerkt, ich sei irritiert,ich habe nicht das Recht empfind-
447 2555 3374 2712 lich zu sein. Er duldet keine Einschränkung, seines freien Willens, alles
524 2689 3368 2815 ist belanglos. Wenn ich ein Wort sage, Stampft er mit dem Fuss, erklärt,
530 2844 2534 2990 er wird krank und ich bekomme Angst und schweige.
522 2975 1792 3097 Ich arbeite, um nicht zu weinen.
516 3055 3495 3222 Ich habe lange nicht eingeschrieben. Wozu auch - Verstimmungen,Depressio-
523 3222 725 3336 nen.
517 3307 3439 3504 Am 2. zum Frästück bei A. mit Wassermann xxx zusammen, der meine Anwesen-
517 3474 3414 3593 heit angeblich gewünscht hat. W. mir wenig sympathisch, ebenso wie seine
528 3597 3465 3754 Werke, wenn ich auch sein grosses Können vollauf würdige. Am 4. Abendessen
511 3721 3535 3859 bei Auernheimer für Wassermann. Bin mit A. zusammen hingefahren. Er machte
511 3877 3314 4005 mir Komplimente über mein Aussehen, so wie man jemandem den Hof macht.
529 4004 2197 4164 Irgend ein Band zwischen uns ist lädiert.
530 4120 3329 4251 Ich habe A. erklärt, dass es so nicht geht. Wenn er fühlt,dass er mich
537 4243 3344 4396 weniger liebt, so bin ich fest entschlossen, abzureisen. (Emmy R. leiht
3612 109 3626 217 de
