3755 4682
2038 293 2762 446 12.2.1926. Berlin.
641 521 3353 638 Liebste - wieder eine Chronik, deren Commentar (soweit wissenswerth)
607 648 3406 780 mündlich geliefert wird. Gestern (am 11.) Hans Jacob - (seine persön-
610 777 3394 892 lichen Angelegenheiten, Filmsachen); - von ihm zu S.Fischer begeleitet.
591 917 3529 1049 Dort Erledigung von allem (?) geschäftlichen in herzlicher Weise. Maril,
586 1044 3338 1194 Eipper, Dr. Hermann anwesend.- Zu Heini, der erst Sonntag spielen kann
649 1168 3210 1285 (Max (noch bettlägerig.) Mittagessen Esplanade.-Dr. Wilhelm Haas
603 1304 3237 1435 (Philosoph,Politiker) - Telefon mit Dresden, Direktor Reucker. Hat
608 1450 3568 1575 indes. Weiher gelesen, wünscht dringend Uraufführung. Fahre morgen Sonntag
913 1516 968 1589 10.
1936 1531 2064 1611 und
585 1573 3406 1673 Dresden, xxx Herodes und Marianne, um damit die wichtigsten Schauspieler
586 1686 3392 1801 zu sehn; - näheres zu besprechen, Sonntag wieder hieher zurück, um Heini
596 1822 3329 1933 noch als Max sehn zu können, Dienstag nach Wien.- Neuerlicher Besuch
595 1954 3369 2112 Barnowski; -bin gegen die Elze-Aufführung; werde mich wahrscheinlich
602 2071 2056 2214 doch auf Kom. d. Verführung einigen.-
588 2243 3362 2362 Souper Georg Engel. Fulda,Sudermann,Theodor Wolff,ein Actionsrat, ein
603 2354 3384 2479 Staatssekretär, Julius Elias, im ganzen etwa 24 Personen. Toaste hatte
596 2481 3439 2606 ich mir verbeten. Um 11 entfloh ich ungesehn. Heute Nachmittag Empfang
585 2606 3311 2725 (Thee) beim Unterrichtsminister. Vorm. will ich mit Lili - was bis-
586 2747 3521 2879 her noch nicht möglich war - in den Berliner Strassen bummeln, vielleicht
559 2897 3278 3016 Bilder ansehn. Ein Filmverhandlung steht für Nachmittag oder morgen
633 2964 3356 3125 Früh bevor. Von Samstag auf Sonntag übernacht ich in Dresden. Bitte
618 3146 3314 3230 mein Liebes, sende mir einen Brief am Sonntag express hieher, - wenns
591 3277 3065 3424 auch nur ein paar Zeiben sind. - Ein Lebens- und Liebeszeichen.
939 3393 3392 3546 Sei zärtlich umarmt. Auf ein baldiges und gutes Wiedersehen.
1775 3526 1991 3691 Dein
2035 3676 2119 3822 A.
1739 3772 2018 3910 - - -
