3754 4702
1968 268 2802 411 Karerpass 11.8.1925.
2103 392 2559 514 (nach Riva)
555 464 3438 620 Mein Liebes, gestern war Herr Steffenelli (mit einer Fuhr) hier oben und
562 639 3291 771 hat mir mitgeteilt, dass er aus Pass- und Zollgründen mich nicht über
566 754 3233 920 die Grenze in die Schweiz bringen kann; – sondern eventuell an die
571 890 3388 1057 Grenze.- von dort müsst ich mit der Post weiterfahren. - Es ist mir in
577 1032 3261 1179 diesem Augenblick noch nicht klar, wie ich die Sache machen werde; –
576 1162 3312 1298 eventuell fahre ich mit Heini bis Innsbruck und von dort aus - dann
583 1276 3235 1429 Schweiz: möglich wäre es auch, dass mich xxxxxxx L.’s (die nach
569 1410 3225 1531 Biarritz fahren dürften) eine Strecke mitnehmen. Jedesfalls muss
555 1566 3281 1687 sich das alles in wenigen Tagen entscheiden,spätestens Freitag, und
608 1678 3351 1825 telegraphiere Dir dann gleich. Sehr gerne würd ich schon wissen, was
602 1801 3382 1935 Du nach Karls Abreise zu unternehmen gedenkst - ich möcht Dich unge¬
574 1936 3501 2101 fähr 23. wieder treffen. Ueber den Abschluss des Sommers ist noch nichts
600 2084 3373 2239 definitivez verabredet worden: es gab eine Anzahl von Gesprächen, die
555 2190 3460 2308 nicht sehr erquicklich waren (hauptsächlich finanzielles). Soll¬
570 2347 3468 2487 te die Première von Komödie der Verführung schon Ende September Berlin
576 2484 3489 2605 stattfinden, so bliebe Lili mit Olga zusammen; und ich brauchte sie nicht
570 2597 3292 2711 abzuholen; - eventuell aber wenn die Berliner Première xxx sich hi¬
564 2711 3444 2867 nausschiebt, hol ich Lili cca 5.–10.September) ab - vielleicht in Vene¬
572 2888 3448 3012 dig (wenn Alma Mahler schon dort ist). Aber auch Gardasee und ein klei¬
615 2987 3424 3161 neres Seebad bei Bologna kommen entfernt in Betracht (das dieser Tage
571 3126 3329 3238 eine Italienerin warm empfahl). - Das Wetter ist herrlich; - die Gegend
568 3250 3366 3366 bleibt unvergleichlich schön, - und ich halte mich hier zurückgezogener
569 3392 3419 3526 als Du Dir denken kannst - arbeite Vormittag im Wald (nur heut war ich
563 3508 3293 3658 aus Friseurgründen im Karerzechotel und sprach Rudolf Lothar dort),
559 3644 3347 3773 nachher bis 17 im Zimmer. Heute sind die Kinder mit Dr. L. und andern
561 3800 3401 3925 auf einergrösseren Tour, die drei Damen (O., Frau L., Frau K. mit Franzl)
565 3930 3301 4051 fahren nach Canazei, ich bleibe daheim und arbeite; - auch schreitet
557 4042 3532 4200 der Weiher tüchtig fort. Das Essen ist mässig, ich nähre mich von Kranken-
570 4159 3299 4303 speisen (habe ganz ähnliche Magenbeschwerden wie Du voriges Jahr), -
