3787 4718
2104 276 2818 450 8.10.1928. Bl. 2.
671 462 3255 671 loren und kann es nicht erwarten, gleich wieder selbst zu chauff
671 591 3012 742 ren; freut sich, dass er nicht tot ist un die rechte nand u.
648 730 3350 922 blieb. Heute Abend steht Calcutta, morgen ein besserer Herr, übermor¬
659 874 3491 1048 Oedipus bevor; - in allen dreien ist Heini beschäftigt. - Für morgen Vor
673 984 3404 1156 mittag ist Hans Jacob, Feilchenfeld und Czinner vorgesehn. Mittag esse
666 1103 3279 1319 ich allein bei Viki und Mimi; S.F. fährt morgen nach Potsdam, ich
663 1285 3013 1430 sollte mit: lehnte ab, bin übermorgen geschäftlich bei ihm.
672 1357 3507 1576 Das Feuilleten von F.S. (Salten) find ich auch sehr gut; und es trifft
657 1510 3311 1650 sich glücklich, dass die Bücher von Dr. bei Zs. erschienen sind.-
681 1629 3435 1822 Der Fall Lou-S. -Kilke liegt nicht so einfach; die Affectation habe
653 1758 3340 1979 ich aus den Titeln allerdings auch herausgespürt.R. war jedenfalls
649 1934 3398 2086 eine besondere dichterische Erscheinung, ein Lyriker höchsten Ranges.
635 2052 3523 2228 Die L-S. ist leider von der Paychoanalyse nicht ganz unversehrt geblie-
639 2188 3413 2337 ben. - Ueber Deinen Erfolg in der Runde Tante R. vermag ich nicht
641 2314 3440 2462 zu staunen, und ebensowenig über den Beifall, den die "Lasttiere" finden,
649 2424 3282 2557 und ich wünschte nur, dass du trotz aller äussern ärgerlichen,un-
633 2589 3533 2733 verdienten Enttäuschungen bald wieder Stimmung zur Arbeit fändest. Dass
637 2657 3312 2855 es mir diesmal gelingen wird Elisabeth zu sehen halte ich wohl für
631 2840 3487 2998 wahrscheinlich; übrigens werde ich jedenfalls mit Czinner wegen Deines
620 2958 3380 3131 Stückes sprechen und zumindest versuchen das Manuscript zu erhalten.
633 3069 3513 3231 word er Julia wird mit Elisabeth selbst keineswegs was anzufangen sein;
603 3215 2736 3381 in "Probennöten" ist sie noch unmöglicher als sonst.-
651 3341 3010 3527 Nun sag ich Dir Adieu mein Liebes und umarme Dich innigst.
2014 3469 2341 3631 Dein A.
3525 111 3650 296 159
