<?xml version="1.0" encoding="UTF-8" standalone="yes"?>
<PcGts xmlns="http://schema.primaresearch.org/PAGE/gts/pagecontent/2013-07-15" xmlns:xsi="http://www.w3.org/2001/XMLSchema-instance" xsi:schemaLocation="http://schema.primaresearch.org/PAGE/gts/pagecontent/2013-07-15 http://schema.primaresearch.org/PAGE/gts/pagecontent/2013-07-15/pagecontent.xsd">
    <Metadata>
        <Creator>prov=READ-COOP:name=TrHtr:version=0.0.6:model_id=44522:date=25_11_2022_11:52</Creator>
        <Created>2022-11-17T16:35:38.639+01:00</Created>
        <LastChange>2022-11-25T11:52:39.838Z</LastChange>
        <TranskribusMetadata docId="1233893" pageId="50263577" pageNr="536" tsid="105032503" status="IN_PROGRESS" userId="40391" imgUrl="https://files.transkribus.eu/Get?id=IYUCJWBCBYYZEZCEFIZKMSGZ&amp;fileType=view" xmlUrl="https://files.transkribus.eu/Get?id=HMDXHXLNFISBCKZMFLLTWMAT" imageId="41050680"/>
    </Metadata>
    <Page imageFilename="HIN-155550_0536.tif" imageWidth="3686" imageHeight="4686">
        <ReadingOrder>
            <OrderedGroup id="ro_1669820952037" caption="Regions reading order">
                <RegionRefIndexed index="0" regionRef="r1"/>
            </OrderedGroup>
        </ReadingOrder>
        <TextRegion id="r1" custom="readingOrder {index:0;}">
            <Coords points="416,377 416,3731 3351,3731 3351,377"/>
            <TextLine id="r1l1" custom="readingOrder {index:0;}">
                <Coords points="2012,460 2145,500 2304,460 2553,478 2643,441 2755,492 2953,448 2953,384 2801,344 2690,380 2560,351 2484,395 2261,348 2116,391 2012,377"/>
                <Baseline points="2031,440 2076,441 2121,443 2166,444 2211,446 2256,446 2301,447 2347,447 2392,447 2437,447 2482,447 2527,447 2572,447 2617,446 2663,446 2708,446 2753,444 2798,443 2843,443 2888,441 2934,441"/>
                <TextEquiv>
                    <Unicode>Wien,Montag, 23.4.1928.</Unicode>
                </TextEquiv>
            </TextLine>
            <TextLine id="r1l2" custom="readingOrder {index:1;}">
                <Coords points="406,524 453,498 496,513 598,455 724,481 900,460 980,507 1185,504 1185,377 1092,395 789,340 731,384 493,365 407,401"/>
                <Baseline points="423,446 460,446 497,446 534,447 571,447 608,447 645,449 683,449 720,449 757,449 794,449 831,449 868,449 905,449 943,449 980,449 1017,449 1054,448 1091,447 1128,447 1166,447"/>
                <TextEquiv>
                    <Unicode>An A.S., Mittelmeer.</Unicode>
                </TextEquiv>
            </TextLine>
            <TextLine id="r1l3" custom="readingOrder {index:2;}">
                <Coords points="414,726 486,741 504,723 554,749 619,731 662,746 724,722 749,737 767,726 792,751 817,745 818,669 789,658 768,668 714,646 678,660 656,642 595,656 573,634 544,648 505,622 415,639"/>
                <Baseline points="431,705 457,706 483,707 509,708 535,709 562,710 588,710 614,710 640,710 666,710 693,710 719,710 745,710 771,710 798,710"/>
                <TextEquiv>
                    <Unicode>Liebster,</Unicode>
                </TextEquiv>
            </TextLine>
            <TextLine id="r1l4" custom="readingOrder {index:3;}">
                <Coords points="769,846 3268,841 3267,755 2446,800 2107,699 769,770"/>
                <Baseline points="789,834 912,834 1035,834 1158,834 1281,834 1404,834 1527,833 1650,833 1773,833 1896,833 2020,833 2143,833 2266,833 2389,831 2512,831 2635,831 2758,831 2881,831 3004,831 3127,830 3251,830"/>
                <TextEquiv>
                    <Unicode>heute Früh kam Dein erster Bericht aus C. Ich freue mich, dass</Unicode>
                </TextEquiv>
            </TextLine>
            <TextLine id="r1l5" custom="readingOrder {index:4;}">
                <Coords points="419,995 3112,986 3285,975 3285,885 419,908"/>
                <Baseline points="437,963 578,963 720,963 861,963 1003,963 1144,963 1286,963 1427,962 1569,962 1710,962 1852,962 1993,962 2135,962 2276,962 2418,962 2559,962 2701,962 2842,962 2984,962 3125,962 3267,962"/>
                <TextEquiv>
                    <Unicode>Du von der Reise befriedigt bist und das Wetter besser zu sein scheint,</Unicode>
                </TextEquiv>
            </TextLine>
            <TextLine id="r1l6" custom="readingOrder {index:5;}">
                <Coords points="428,1131 3272,1078 2937,999 428,1016"/>
                <Baseline points="444,1094 584,1094 725,1094 865,1094 1006,1094 1146,1094 1287,1094 1427,1094 1568,1094 1708,1094 1849,1094 1990,1094 2130,1092 2271,1092 2411,1092 2552,1091 2692,1091 2833,1090 2973,1089 3114,1088 3255,1088"/>
                <TextEquiv>
                    <Unicode>als man von hier aus vermuten soblte. Heute wieder 6 Grad und ein eis-</Unicode>
                </TextEquiv>
            </TextLine>
            <TextLine id="r1l7" custom="readingOrder {index:6;}">
                <Coords points="420,1247 3293,1228 2897,1142 420,1146"/>
                <Baseline points="437,1223 578,1223 720,1223 862,1223 1004,1224 1146,1224 1288,1224 1430,1224 1572,1223 1714,1223 1856,1223 1997,1223 2139,1223 2281,1223 2423,1221 2565,1221 2707,1221 2849,1220 2991,1220 3133,1220 3275,1218"/>
                <TextEquiv>
                    <Unicode>kalter Sturm. Meine Zeit ist von Arbeit Sorgen und Menschen erfüllt und</Unicode>
                </TextEquiv>
            </TextLine>
            <TextLine id="r1l8" custom="readingOrder {index:7;}">
                <Coords points="421,1358 3337,1374 3337,1295 3099,1252 421,1283"/>
                <Baseline points="437,1355 581,1356 725,1356 869,1356 1013,1356 1157,1356 1301,1356 1446,1356 1590,1356 1734,1355 1878,1355 2022,1355 2166,1353 2310,1353 2455,1353 2599,1352 2743,1352 2887,1352 3031,1352 3175,1352 3320,1352"/>
                <TextEquiv>
                    <Unicode>vergeht rasch, ohne dass man was weiterbringt oder Wesentliches erreicht.</Unicode>
                </TextEquiv>
            </TextLine>
            <TextLine id="r1l9" custom="readingOrder {index:8;}">
                <Coords points="816,1506 3127,1533 3286,1396 816,1423"/>
                <Baseline points="833,1484 954,1484 1076,1485 1197,1485 1319,1485 1441,1485 1562,1485 1684,1485 1806,1485 1927,1485 2049,1485 2171,1485 2292,1484 2414,1484 2536,1484 2657,1484 2779,1484 2901,1484 3022,1482 3144,1482 3266,1482"/>
                <TextEquiv>
                    <Unicode>Gestern in der Presse Feuilleton von Raoul A. über "Therese",</Unicode>
                </TextEquiv>
            </TextLine>
            <TextLine id="r1l10" custom="readingOrder {index:9;}">
                <Coords points="415,1636 3227,1621 3162,1524 415,1543"/>
                <Baseline points="434,1613 572,1614 711,1614 850,1616 989,1616 1127,1616 1266,1616 1405,1616 1544,1616 1682,1616 1821,1616 1960,1616 2099,1616 2237,1616 2376,1614 2515,1614 2654,1614 2792,1614 2931,1614 3070,1614 3209,1614"/>
                <TextEquiv>
                    <Unicode>ausnehmend kühl, ohne Begeisterung. Ich war krank vor Wut und möchte</Unicode>
                </TextEquiv>
            </TextLine>
            <TextLine id="r1l11" custom="readingOrder {index:10;}">
                <Coords points="419,1759 3267,1787 3267,1701 3025,1665 419,1683"/>
                <Baseline points="438,1745 578,1746 719,1746 859,1746 1000,1748 1140,1748 1281,1748 1421,1748 1562,1748 1702,1746 1843,1746 1983,1746 2124,1746 2264,1746 2405,1746 2545,1746 2686,1746 2826,1746 2967,1746 3107,1746 3248,1748"/>
                <TextEquiv>
                    <Unicode>ihm jetzt nicht begegnen. Das sind die Freunde!! Gott behüte mich. Was</Unicode>
                </TextEquiv>
            </TextLine>
            <TextLine id="r1l12" custom="readingOrder {index:11;}">
                <Coords points="415,1886 1680,1961 3252,1892 3252,1809 2690,1768 415,1800"/>
                <Baseline points="431,1874 571,1874 711,1875 851,1875 991,1875 1131,1877 1271,1877 1411,1877 1551,1877 1691,1878 1832,1878 1972,1878 2112,1878 2252,1878 2392,1878 2532,1878 2672,1878 2812,1878 2952,1880 3092,1880 3233,1880"/>
                <TextEquiv>
                    <Unicode>bedeutet dagegen, dass er über meine Arbeiten schimpft. Es ist mir ganz</Unicode>
                </TextEquiv>
            </TextLine>
            <TextLine id="r1l13" custom="readingOrder {index:12;}">
                <Coords points="422,2020 3335,2021 2646,1915 422,1940"/>
                <Baseline points="440,2004 583,2006 727,2006 871,2006 1015,2007 1158,2007 1302,2007 1446,2007 1590,2007 1733,2007 1877,2009 2021,2009 2165,2009 2308,2009 2452,2009 2596,2009 2740,2009 2883,2010 3027,2010 3171,2010 3315,2010"/>
                <TextEquiv>
                    <Unicode>wurst, aber diese Perfidie regt mich auf. B. frug mich heute telefonisch,</Unicode>
                </TextEquiv>
            </TextLine>
            <TextLine id="r1l14" custom="readingOrder {index:13;}">
                <Coords points="414,2128 3226,2173 3226,2069 2862,2014 2736,2093 414,2081"/>
                <Baseline points="431,2132 569,2133 708,2133 847,2135 986,2135 1125,2136 1264,2136 1403,2136 1542,2136 1681,2138 1820,2138 1958,2138 2097,2138 2236,2138 2375,2138 2514,2138 2653,2138 2792,2138 2931,2138 3070,2138 3209,2139"/>
                <TextEquiv>
                    <Unicode>warum R.A. so übelwollend über den neuen Roman schreibt. So scheinen</Unicode>
                </TextEquiv>
            </TextLine>
            <TextLine id="r1l15" custom="readingOrder {index:14;}">
                <Coords points="416,2301 2748,2336 3300,2266 3300,2168 416,2215"/>
                <Baseline points="434,2262 576,2262 718,2264 861,2264 1003,2265 1145,2265 1288,2266 1430,2267 1572,2268 1715,2268 1857,2268 1999,2270 2142,2270 2284,2270 2426,2270 2569,2270 2711,2270 2853,2270 2996,2270 3138,2268 3281,2268"/>
                <TextEquiv>
                    <Unicode>Andere das noch stärker zu empfinden. Hast Du mit Viki Z. über die Kri-</Unicode>
                </TextEquiv>
            </TextLine>
            <TextLine id="r1l16" custom="readingOrder {index:15;}">
                <Coords points="428,2438 598,2399 720,2439 872,2382 987,2429 1820,2443 1791,2331 1445,2348 1297,2293 1185,2344 429,2323"/>
                <Baseline points="446,2394 513,2393 581,2393 649,2393 717,2393 785,2393 852,2393 920,2393 988,2393 1056,2394 1124,2394 1191,2394 1259,2396 1327,2396 1395,2396 1463,2397 1530,2397 1598,2397 1666,2396 1734,2396 1802,2394"/>
                <TextEquiv>
                    <Unicode>tik in der "Rundschau" gesprochen?</Unicode>
                </TextEquiv>
            </TextLine>
            <TextLine id="r1l17" custom="readingOrder {index:16;}">
                <Coords points="817,2540 3369,2556 3236,2437 817,2453"/>
                <Baseline points="834,2523 959,2525 1085,2525 1211,2526 1337,2526 1463,2526 1589,2528 1714,2528 1840,2528 1966,2528 2092,2528 2218,2528 2344,2528 2470,2528 2595,2528 2721,2529 2847,2529 2973,2529 3099,2529 3225,2531 3351,2531"/>
                <TextEquiv>
                    <Unicode>Ich hoffe alle meine Nachrichten haben Dich pünktlich erreicht,</Unicode>
                </TextEquiv>
            </TextLine>
            <TextLine id="r1l18" custom="readingOrder {index:17;}">
                <Coords points="428,2676 3294,2692 3294,2587 3056,2561 428,2596"/>
                <Baseline points="446,2654 587,2654 729,2654 870,2654 1012,2654 1153,2654 1295,2655 1436,2655 1578,2655 1719,2657 1861,2657 2002,2657 2144,2657 2285,2658 2427,2658 2568,2658 2710,2658 2851,2658 2993,2658 3134,2657 3276,2657"/>
                <TextEquiv>
                    <Unicode>ich schreibe wohl noch einmal nach Triest, damit Du etwas beider Ankunft</Unicode>
                </TextEquiv>
            </TextLine>
            <TextLine id="r1l19" custom="readingOrder {index:18;}">
                <Coords points="424,2795 3192,2822 3192,2703 3081,2681 424,2708"/>
                <Baseline points="443,2780 579,2781 716,2781 852,2783 989,2783 1125,2784 1262,2784 1398,2784 1535,2786 1671,2786 1808,2786 1945,2786 2081,2786 2218,2786 2354,2786 2491,2786 2627,2786 2764,2786 2900,2786 3037,2786 3174,2786"/>
                <TextEquiv>
                    <Unicode>vorfindest, obwohl es kaum dafür steht, da Du doch wohl programngemäss</Unicode>
                </TextEquiv>
            </TextLine>
            <TextLine id="r1l20" custom="readingOrder {index:19;}">
                <Coords points="405,2942 3297,2937 3264,2836 2911,2810 406,2842"/>
                <Baseline points="422,2912 564,2913 707,2915 850,2915 993,2916 1136,2916 1279,2918 1421,2918 1564,2918 1707,2919 1850,2919 1993,2919 2136,2919 2279,2919 2421,2919 2564,2919 2707,2919 2850,2919 2993,2919 3136,2918 3279,2919"/>
                <TextEquiv>
                    <Unicode>am nächsten Tag in Wien bist. Hoffentlich sieht es bis dahin frühlings-</Unicode>
                </TextEquiv>
            </TextLine>
            <TextLine id="r1l21" custom="readingOrder {index:20;}">
                <Coords points="413,3065 3257,3059 3175,2973 413,2979"/>
                <Baseline points="431,3042 571,3042 711,3042 852,3044 992,3044 1133,3045 1273,3045 1414,3045 1554,3047 1695,3047 1835,3047 1975,3048 2116,3048 2256,3048 2397,3048 2537,3050 2678,3050 2818,3050 2959,3050 3099,3048 3240,3048"/>
                <TextEquiv>
                    <Unicode>mässiger aus, ich friere unentwegt. Verzeih, dass ich nicht mehr von mir</Unicode>
                </TextEquiv>
            </TextLine>
            <TextLine id="r1l22" custom="readingOrder {index:21;}">
                <Coords points="399,3184 3311,3214 3312,3109 399,3105"/>
                <Baseline points="416,3171 559,3171 703,3173 847,3173 991,3174 1135,3174 1279,3174 1422,3176 1566,3176 1710,3176 1854,3177 1998,3177 2142,3177 2286,3177 2429,3177 2573,3179 2717,3179 2861,3179 3005,3179 3149,3179 3293,3177"/>
                <TextEquiv>
                    <Unicode>schreibe, aber Du bist mir zu fern und immer ist alles überholt oder an-</Unicode>
                </TextEquiv>
            </TextLine>
            <TextLine id="r1l23" custom="readingOrder {index:22;}">
                <Coords points="414,3329 2127,3391 3194,3352 3227,3244 415,3236"/>
                <Baseline points="432,3302 570,3302 709,3303 848,3305 987,3305 1126,3306 1265,3306 1404,3308 1543,3308 1682,3308 1821,3309 1959,3309 2098,3309 2237,3310 2376,3311 2515,3311 2654,3312 2793,3312 2932,3314 3071,3314 3210,3315"/>
                <TextEquiv>
                    <Unicode>ders, bis der Brief sein Ziel erreicht. Ich wünsche Dir eine sehr gute</Unicode>
                </TextEquiv>
            </TextLine>
            <TextLine id="r1l24" custom="readingOrder {index:23;}">
                <Coords points="402,3438 1523,3493 2385,3440 2197,3356 402,3358"/>
                <Baseline points="419,3431 516,3432 613,3434 711,3434 808,3435 906,3435 1003,3435 1100,3437 1198,3437 1295,3437 1393,3437 1490,3438 1587,3438 1685,3438 1782,3438 1880,3440 1977,3440 2074,3440 2172,3441 2269,3441 2367,3443"/>
                <TextEquiv>
                    <Unicode>Heimfahrt undeine wirklich andauernde Erholung.</Unicode>
                </TextEquiv>
            </TextLine>
            <TextLine id="r1l25" custom="readingOrder {index:24;}">
                <Coords points="1102,3587 1405,3578 1488,3618 1550,3571 1813,3584 1841,3613 1971,3596 1972,3498 1914,3491 1795,3523 1608,3482 1517,3528 1435,3491 1395,3516 1103,3500"/>
                <Baseline points="1121,3567 1162,3567 1204,3566 1246,3566 1287,3566 1329,3566 1371,3566 1412,3567 1454,3567 1496,3567 1538,3568 1579,3569 1621,3569 1663,3569 1704,3570 1746,3570 1788,3570 1829,3570 1871,3570 1913,3570 1955,3570"/>
                <TextEquiv>
                    <Unicode>Ich umarme Dich Deine</Unicode>
                </TextEquiv>
            </TextLine>
            <TextLine id="r1l26" custom="readingOrder {index:25;}">
                <Coords points="1929,3720 1958,3721 1980,3708 2016,3721 2034,3707 2056,3708 2066,3720 2088,3724 2117,3708 2142,3713 2150,3580 2096,3573 2062,3597 2019,3598 1980,3578 1953,3602 1935,3601"/>
                <Baseline points="1947,3692 1972,3694 1997,3696 2022,3698 2048,3699 2073,3700 2098,3701 2124,3701"/>
                <TextEquiv>
                    <Unicode>C.K.</Unicode>
                </TextEquiv>
            </TextLine>
            <TextEquiv>
                <Unicode>
























</Unicode>
            </TextEquiv>
        </TextRegion>
    </Page>
</PcGts>
