3759 4658
2312 281 3197 472 18.10. 25. Bl. 3.
686 454 3406 635 Für heute Mittag steht also noch eine Unterredung mit Barnowsky
684 626 3400 769 bevor, die sich recht lang hinziehen dürfte. Das eine ist mir jedes¬
681 764 3413 874 falls schon klar: so gern ich unter ruhigen, sozusagen touristischen
691 879 3331 1009 Verhältnissen mit Dir einmal in Berlin sein möchte, ein Zusammen¬
719 1014 3282 1146 sein, wenn ich beruflich hier zu thun habe, gätte wenig Sinn. Wir
688 1122 3397 1291 hätten einfach nicht von einander (und daher weniger als nichts).
681 1260 3376 1410 Und wann ich das nächste Mal hier sein werde (in diesem Augenblick
730 1390 3285 1549 ist wie Du weisst noch nichts bestimmt), kommen noch die Proben
661 1546 3377 1699 dazu (Dauer 4,5, wie mir Barnowsky sagt). Zum Arbeiten bin ich
716 1639 3251 1771 hier begreiflicherweise nicht gekommen - hoffentlich gerat ich
733 1795 3227 1945 nach meiner Rückkehr bald wieder hinein; ich habe eine solche
767 1922 3489 2053 Sehnwucht darnach - denn so anregend und, wie mir scheint auch viel¬
703 2057 3333 2210 versprechend, mein Hiersein diesmal war und ist, und so viel Freude
695 2191 3377 2316 ich insbesondere an Heini gehabt habe und habe; - es ist doch eine
719 2299 3325 2458 recht zerstreute und ermüdende Existenz, die man nicht sehr lange
700 2456 3347 2585 ertragen könnte.- Heute Abend Liebelei, um sie einmal als Publikum
728 2582 3446 2687 zu wehen; - dann mit Heini und Fehling zusammen. Das heutige Mittag¬
703 2728 3300 2852 essenbei Michaelis habe ich wegen Barnowsky abgesagt; - ich hätte
675 2835 3364 3002 dort mit Lina Lossen und der Fein zusammenkommen wollen (die immer
680 2961 3246 3105 noch um die Aurelie herumschleicht, - und nach vielfacher Ansicht
682 3115 3207 3262 immerhin noch die beste wäre) - Heute werde ich vor dem Theater
697 3250 3242 3380 eventuell noch Albert (im Sanatorium) und Pieterkovsky besuchen
681 3340 3332 3476 (die mich durch Heini immer wieder auffordern lassen). Ohne Autos
724 3505 3457 3665 (die weit März um 25 Pfennig billiger geworden sind) wäre das alles
676 3642 3272 3761 nicht durchzuführen. - Kurperlich gehts mir, abgesehen von dem Ohr,
680 3744 3419 3874 das mich hier begreiflicherweise noch mehr geniert als in Wien, ganz
664 3891 873 4009 gut.
722 3986 3325 4146 Mittwoch also dürft ich in Wien sein. Der Zug kommt glaub ich um
680 4144 3436 4310 1/2 11 an, um die Mittagszeit etwa ruf ich an. Ich hoffe Dich in keiner
696 4314 3356 4371 zu übeln Stimmung anzutreffen, – und freue mich mehr auf Dich als ich
704 4364 2325 4421 ich (– na Du weißt es ja) sagen oder gar schreiben kann
723 4362 1547 4519 Dich zärtlich. Dein A.
