3759 4655
2005 239 2613 424 19.3.25. Bl. 2.
562 411 3337 567 ich mit den Rotters nicht abgeschlossen hatte! - Plötzlich wird sich
528 604 3456 728 auch Reinhardt melden.- Heini kam,- (wie immer von der Probe) - Barnowsky
516 735 3425 842 möchte ihn "vom Fleck weg" auf sein Aussehen hin engagieren; aber Heini
491 836 3364 967 bleibt lieber bei Jesener und hat Recht.- Auch diesmal wurde es 5.-Und
572 970 3409 1140 ich plauderte dann mit Heini auf meinem Zimmer. Ich habe den Eindruck,
555 1133 3294 1247 dass ihm mein Hiersein sehr wohl tut.-Dann erschien noch derKapell-
522 1230 3417 1407 meister Georg Szell und endlich der Secretär deer Bühnengenossenschaft,
515 1377 3458 1537 der nicht mit Unrecht Weiss heisst,- sich entschuldigte, dass Liebelei
565 1501 3326 1687 nicht aufgeführt wird, da die Bergner (die für die Mitzi wie für de
494 1649 3327 1770 Christine vorgesehen war) aus Aerger über ihren eben erlittenen Echec
516 1751 3320 1901 als Camaliendame abgesagt hat. Die Vorstellung soll im Oktober statt-
565 1913 3325 2080 fenden. Das Schillertheater Charlottenburg (diese Entfernungen hier -
512 2037 3284 2163 ich fahre immer im Auto) Napoelon von Grabbe, eine recht interessante
545 2168 3367 2287 Inszenierung, wie schon von früher bekannt: mässige Darstellung; Heini
536 2299 3220 2450 die kleine Rolle des Herzogs von Orleen in guter Haltung. Dann in
478 2410 3246 2567 gegenüberliegenden Hotel am Tiergarten mit Heini, Paul Marx und Frau
512 2541 3341 2674 Sussin (Schauspielerin, hatte die Herzogin von Angoulemes gespielt, war
509 2681 3317 2866 bei Brahm die erste Annie im Abschiedssouper; - ehemalige Kollegin von
493 2801 3394 2946 Liesl; hässliche, aber auffallend gescheidte Person) genachtmahlt; - Fri-
540 2956 3491 3082 dell kan noch dazu.- Es wurde wieder ½ bis ich ins Bett kam. Ich schlaf
529 3087 3308 3219 dann intensiv, aber nicht lang genug. Heute musst ich noch einige aus
478 3217 3355 3357 Wien nachgezandte Korrespondenz erledigen, dann fahr ich zu Herr, speise
540 3341 3356 3516 bei Michaelis (mit der Lossen). Abend Wallenstein, mit Heinis Freundin
503 3480 3379 3624 und Michaelis! - Für die nächsten Tage stehen noch Besprechungen mit Ma-
533 3607 3439 3727 rill, Wiegler, Barnowsky bevor, und ein Besuch resp. ein Mittag- oder Abend-
502 3759 3364 3862 essen bei Steinrück (in Zehlendorf). Schlafwagen schon vorgemerkt: - für
480 3869 3335 4013 Dienstag; Ankunft Mittwoch in den Nachmittagsstunden glaube ich. Halte
495 3971 3281 4144 es nicht für eine Napoleoncopie, wenn ich Dir sage, dass ich mich nach
489 4126 3424 4243 Dir sehne und mich in Deine, Dich in meine Arme wünsche, mein Schatz. (Aber
496 4272 3425 4416 wie kann man das eigentlich niederschreiben?) Bitte,tu's nur - zu lesen
486 4356 3396 4501 ist es sehr schöni - Den Brief an Benedikt hast Du wohl indess abgesandt:
3493 75 3628 220 152
