3782 4710
760 224 1399 391 Tgb. 26.2.1930.
776 476 3454 632 Stück von Auernheimer "Drei Damen im Kongress". Dann Imperial. Man
758 579 1560 736 macht Konversation.
761 821 3394 938 27.2. Gestern Abend Otto, Emmi, Harry zum Nachtmahl. Am Nachmittag
768 926 3396 1034 telefonierte A., er möchte auch kommen, offenbar um mir eine Artig-
757 1038 2926 1173 keit zu erweisen. Ein wirklich liebes Wort wäre mehr.
758 1201 3436 1407 28.2. A. sagt über meinen Bruder Otto, er kenne keinen Menschen, der
768 1370 3275 1509 so von Güte strahlt. Das ist wahr.- Harry war auch ganz lieb.
1471 1509 1717 1618 bei A
754 1553 2602 1693 1. März Gestern Abend mit Hofrätin Z. zusammen.
772 1720 3345 1867 2.3.Otto an einer Nierenentzündung erkrankt, fühle, dass ich nicht
755 1886 3356 2054 mehr fähig bin eine Aufregung, einen Schmerz zu ertragen. Als mir
740 2026 3327 2147 Martha von der Möglichkeit einer Operation sprachufiel ich fast
757 2137 1155 2286 zusammen.
747 2293 3540 2508 3.3. Ueber viele Tränen wieder mit A. in eine bessere Beziehung ge-
755 2473 2143 2620 langt. Auch Ottos Befinden besser.
750 2645 3483 2813 4.3. Bei A. Mit Anni, Ferri, Dr. Hans Schnitzler und einer kleinen dä-
760 2832 3543 2965 nischen Filmschauspielerin bei A. zum Nachtmahl. A. elend ausgesehen,
764 2926 3522 3053 über unerträgliche Müdigkeit geklagt. Mit Ferri am Heimweg über A.'s
757 3079 3438 3205 Zustand gesprochen. Mich finde seine Auffassung und Behandlung un-
745 3230 3566 3364 richtig. "Ein alter Mann, den man möglichst viel schlafen lassen soll".
750 3315 2427 3480 Mein Gott, mit 67 ist man doch kein Greis!
736 3509 3348 3697 6.3. Langsam ringt man sich wieder zu einer sanften Zärtlichkeit
742 3646 3305 3807 durch. Wahr ist, dass ich ihn sehr lieb habe, aber tiefe Schatten
746 3796 2985 3929 hängen über dieser Beziehung. Otto Gottlob ganz gesund.
751 3996 3461 4153 9.3. Nach langer Zeit Sonntags-Spaziergang mit A. Dann zu Tisch bei
752 4137 3409 4251 ihm. Abend A. bei mir. (Radio "Götterdämmerung"). Er schläft immer
3586 122 3703 283 31
