3743 4602
485 229 721 370 1 928
555 343 3344 506 21.5. Regengüsse. Zu Tisch kommen Cary und Magda. Wenn ich nur nicht
558 506 3399 634 solche Geldsorgen hätte! - Abend bei Königswarter. Ganz nett, guter Ton,
551 605 2234 751 aber alles etwas necklace und altmodisch.
552 750 3401 892 23.5. Vormittag diktmert. Frieda vom Roman sehr entzückt. Abend mit A.
523 894 3210 1065 bei der "Herzogin von Chicago" - Nachher nachtmahlen im Weingartel.
523 1038 3484 1164 25.5. A. bei mir zu Tisch. Gemütlichstes Zusammensein. Abend Kino mit ihm.
554 1189 3459 1317 27.5. Pfingstsonntag. Mittag bei Tolnay. Sollte Abend mit A. zu Gneise-
558 1296 3492 1420 nau (Werner Krauss). Karten von der Intendanz versprochen, liess uns auf-
558 1447 3455 1571 sitzen. A. begreiflicherweise wütend. Ich im Abendkleid mit ihm ins Ki-
518 1539 1410 1713 no. Dann Opernkeller.
560 1669 3555 1820 28.5. Hübsche Spazierfahrt über Klosterneuburg, Hadersfeld (wo das Schloss
521 1791 3332 1926 der Maienaus im "Gang zum Weiher" steht). Wetter eher kühl. Abend mit
563 1924 3419 2109 Trebitsch und Gattin, Lenormand und Berta Z. bei A. Lenormand sehr sym-
567 2068 1895 2210 pathisch, sonst eher fader Abend.
564 2160 3492 2359 30.5. Bei Gneisenau mit Weber Krauss. Sehr gut, später enttäuschend. W.K.
567 2338 3283 2468 brillanter Schauspieler, äusserst unsympathisch. Nachher noch bei A.
567 2459 1527 2614 Schön - - - sehr schön!
566 2596 2561 2731 31.5. Roman fertig. Jetzt beginnt der Leidensweg!
531 2738 3579 2866 2.6. Roman fertig diktiert und für A. an Abend mitgenommen. Im Kono "Gross-
569 2863 3444 2972 stadtsymphonie". Unerhörter guter spannender Film, dann im Kurhauskeller
498 2995 1089 3126 genachtmahlt.
570 3098 3490 3275 3.6. Sonntag. Mittag Harry und Fredi. Nachmittag mit Porges hübsche Auto-
530 3225 3458 3363 fahrt (Neuhaus a. d. Tristing), Abend bei A. Er hat meinen Roman jetzt ganz
500 3384 3329 3523 gelesen, findet besonders den zweiten Teil ausgezeichnet, empfiehlt für
592 3494 3403 3641 den ersten Teil kleine Kürzungen. Sagt, er sei sehr zufrieden mit mir.
558 3633 3520 3792 Warmer, herzlicher Abend. Aber A. Kopfschmerzen. Wetter unglich, eher kühl.
500 3759 3360 3894 Bei Wellenz. Gespräch mit Emmi. Sehr lieb, aber wir werden uns nie sehr
527 3924 3499 4067 nahe kommen. Am Montag sollen A. und ich wirklich für ein paar Tage fort-
552 4036 2828 4201 fahren. Ich habe beinahe Angst vor dieser kleinen Reise.
523 4202 3499 4384 5.6. Mittag Magi und Cary. Cary schlechter Laune, weil ich mir ein Monocle
3536 62 3670 202 123
