3755 4706
2449 333 3189 508 30.7.1926. Bl. 2.
578 501 3435 674 teres eingehn würde. So fand ich hier schon ein Telegramm der Hofrätin
559 669 3377 802 E. vor mit einem (Müllerschen) Filmantrag Liebelei (die Firma war na-
576 829 3294 922 türlich nicht genannt), den ich wieder glattweg refüsierte. Es liegt
558 935 3375 1062 wirklich kein Grund vor, dass man mir für Liebelei kaum die Hälfte der
538 1075 3391 1244 Beträge zahlen möchte - die man mir vor 15 Jahren für die Verfilmung
548 1168 2932 1323 des Anatol gezahlt hat. So lang ich warten kann warte ich.
567 1326 3463 1451 Nun zu Deinen Reisevorschlägen. In keinem Fall würde ich mich zu einem
604 1468 3490 1584 langen Golling-Aufenthalt entschliessen; der Ort ist gut für 2,3 Tage; -
569 1593 3454 1758 das hübsche Hotel mitten im Ort: - keine Höhenlage, kein See, keine beson-
565 1746 3347 1885 deren Spaziergänge; - es ist höhmutens eine Station auf der Heimreise
563 1894 3237 2019 und da kann ich mir auch besseres denken. Ich möcht, wenn ich schon
567 2005 3241 2089 in der Schweiz bin, auch hier bleiben und bitte Dich bei Deinem ur-
574 2134 3320 2259 sprünglichen Plan zu bleiben und etwa am 8. nach Zürich und dann mit
595 2263 3376 2414 P. weiter, sei es nun nach Interlaken oder sonstwo hinzureisen, das in
561 2390 3286 2529 dieser Gegend liegt, (Thun.Spiez haben mir im Vorbeifahren sehr gut
603 2525 3321 2663 gefallen). Theuer ist die Schweiz überall - und nebstbei scheint es
570 2638 3237 2808 nirgends sehr bezucht zu sein. Und die wohlfeilen Pensionen in der
536 2792 3329 2917 Schweiz werden im allgemeinen wohl nicht sehr rätlich sein. Man kann
565 2880 3275 3004 rechnen, dass unter sonst gleichen Verhätnissen Italien um 30% (min-
548 3072 3323 3190 destens) billiger ist. Darum ist es mir fast lieber, wenn meine Damen
543 3171 3275 3297 statt weiter hier in der Schweiz zu bleiben, wenn ich mit Heini fort
525 3300 3368 3452 bin, in ein Seebad (Lido,Raguo z.B.) gehen. Die Reisekosten sind in 8
557 3440 3353 3553 Tagen hereingebracht. (Die Angelegenheit ist nach dieser Richtung hin
555 3583 3401 3683 noch kaum berührt worden; in einem allgemeinen Gespräch
544 3693 3312 3817 zeigte sich die übliche theoretische Einsicht im weitesten Ausmass.)
544 3840 3309 3957 Ich nehme an, dass ich mit Heini am 11. etwa nach Kandersteg, und dann
546 3933 3307 4084 nach Zermatt fahren werde, um den Görnergratausflug zu unternehmen.-
541 4078 3265 4210 Ob wir uns dann gegen den 15. in Visp, Brienz,Thun,Spiez oder
539 4226 3232 4360 an einem der Dutzend andern möglichen Orte treffen werden, das wird
548 4360 3298 4508 sich ja zeigen. Von Lichtenstern habe ich vorläufig nichts gehört; -
3485 108 3624 287 310
