3771 4710
685 292 1401 417 Tgb. v. 22.1.1930.
658 397 3367 567 A. ist eben bei Dr. D. ein Kardiogramm aufnehmen lassen. Wenn irgend
682 560 3405 671 etwas Bedenkliches gefunden wird, dann soll kein Wort über meine Lip-
671 685 3366 824 pen kommen und ich will ihm so gut ich kann weiter dienen. Wenn es
680 825 3358 945 aber beruhigend ist, dann will ich noch einmal versuchen ganz ruhig
683 948 3406 1081 und gütig mit ihm zu sprechen, ihn bitten ehrlich zu sein. Ist seine
674 1074 3477 1242 Liebe zu mir geringer geworden, dann still auseinandergehen, aber nicht
679 1191 1827 1348 aneinander weiter schleppen.
681 1330 3115 1466 Ich erwarte seinen Anruf, sobald er vom Arzt nachhause kommt.
682 1488 3395 1620 Schon 8 Uhr, er hätte um 8 anrufen sollen. Ich ängstige mich. Kein
673 1591 2311 1702 Mensch weiss, wie ich seit Monaten leide.
671 1731 3369 1898 Ach, wie sehr wünschte ich gut zu ihm sein zu dürfen, Freude in sein
705 1844 3150 2021 Dasein bringen können und wie unmöglich wird es mir gemacht.
673 1990 3459 2131 23.1. Seine Antwort auf alles, was ich vorbringe: "Ja, du hast Recht,
658 2124 3468 2256 ich habe mich verändert, es ist eine seelische Stumpfheit; der Arbeit,
670 2286 3414 2415 der Natur und auch dir gegenüber. Habe Geduld und Nachsicht mit mir.
671 2389 3300 2506 Mein Vorschlag auseinander zu gehen stösst auf Entrüstung. "Kannst
663 2503 3386 2615 du dir vorstellen, dass wir uns von heut auf morgen nicht mehr sehen
655 2616 3305 2802 sollen." Er sagt: „So sieht nicht das Ende einer Beziehung aus, ich
666 2783 3305 2929 betrachte uns nicht alshoffnungslos. " Gleichzeitig schlägt er mir
662 2919 3368 3050 aber vor unsere Beziehung als "Freundschaft" fortzusetzen. Das kann
651 3032 3465 3156 ich nicht. Ich will hier kündigen, abreisen, diesem Zustand ein Ende be-
655 3166 3344 3320 reiten. Er ist wütend, aschgrau im Gesicht, ich weiss nicht mehr, was
676 3289 3368 3459 ich soll. Ich schluchze wie eine Verzweifelte. Ich streichelt mich,
659 3446 3358 3578 lehnt seinen Kopf an meine Brust. Ich kann nicht die Gespräche von
868 3501 1189 3599 Stunden
656 3564 3313 3694 drei xxx wiedergeben. Um 12 Uhr begleitet er mich stumm nach
660 3708 3450 3828 Hause. Vor meiner Gartentüre küsst er mich gerührt. Liebe? Reue? Oder
657 3799 1174 3967 nur Mitleid?
683 3955 3437 4082 Heute ein trostloser Tag. Vormittag das Stück "Dame" ins Volöstheater
664 4051 3430 4223 getragen. Begeisterter Brief einer Baronin Pieta über den Roman. Es
663 4197 3451 4402 gleitet an mir ab. Ich wälze immer dieselben Gedanken in meinem Kopf.
3562 88 3640 214 24
