3674 4662
523 457 3379 640 einander gefunden hatten und eng umschlungen am Fenster meines Zimmers
528 608 3452 728 in der Dämmerung eines Winterabends standen: "Arthur Schnitzlers letzte
512 740 3366 920 Liebe" und später einmal meinte er: "Man könne seiner Liebe zu mir den
573 846 3265 985 schönen Titel der Tschechow-Novelle "Im Schatten des Todes" geben."
526 1011 3380 1163 Unddoch lagen diese Schatten noch tiefer und bedrohlicher über all den
508 1108 2729 1292 Jahren und um uns, als wir damals dachten und fühlten.-
1075 1240 3328 1431 Aus der Korrespondenz meiner Jugendzeit konnte ich lei-
493 1381 3342 1533 der nur meine eigenen Briefe aus den Jahren 1896 und 1897 diesem Werk
503 1515 3300 1677 voransetzen, da ich die Briefe Arthur Schnitzlers damals aus Angst vor
495 1661 3309 1813 meinen sehr strengen Eltern einer Gesangslehrerin in Aufbewahrung ge-
513 1783 3317 1965 geben hatte, wo sie unbegreiflicher Weise abhanden kamen, während meine
501 1908 3226 2089 Mädelbriefe nach Arthur Schnitzlers Tod mit meinen anderen Briefen
503 1988 1749 2176 wieder zu mir zurückgelangten.
1056 2182 3423 2337 Vonmeinen späteren Briefen aber scheide ich eine beträcht-
481 2285 3448 2431 liche Anzahl aus und habe nur jene ausgewählt, die als Antwort nötig sind,
497 2432 3187 2596 die nur Gestaltung der Persönlichkeit Arthur Schnitzlers beitragen
480 2516 3210 2771 können, zur Enthüllung seines Wesens und seiner letzten Lebensepoche
525 2694 3438 2869 von Wichtigkeit sein dürften, oder auch dadurch, dass sie seinen Charakter,
489 2803 2058 2951 wenn auch nur indirekt, wiederspiegeln.
1565 2919 1827 3003 persönlich
1027 2972 3151 3125 Mich aus eigener Kenntnis oder Erkenntnis zu der
523 3068 3229 3208 Einzigartigkeit der Erscheinung, die Arthur Schnitzler war, an dieser
510 3188 3325 3384 Stelle zu äussern, hielte ich für unrichtig. Es bleibe dem Leser über-
471 3338 3157 3552 lassen zu dem Bildnis, das aus diesen zahllosen Blättern aufsteigen
461 3436 2709 3624 wird, nach seiner eigenen Empfindung Stellung zu nehmen.
2847 3612 2930 3766 6
750 3588 2872 3848 KlarakatharinaPollaczek.
2031 3754 2700 4018 Mai 1933.
702 3845 1484 4034 Frieda Pollak.
549 4053 3257 4284 Abschriften teils durch mich selbst, teils oder hauptsächlich durch
555 4189 1516 4348 Fräulein Frieda Pollak.
