2793 3358
1516 301 2337 461 Dienstag 23.III.97.
939 628 1544 766 Lieber Arthur!
563 834 2386 985 Ich schreibe Dir "Du", weil wir es doch so
324 979 2403 1083 ausgemacht haben und Du sonst glauben könntest dass
331 1099 2366 1201 ich feig bin, und dann finde ich es überhaupt sehr
332 1229 2381 1371 nett. Ich habe also das zweite Exemplar korrigiert
339 1367 2401 1485 und auch in dem ersten Exemplar noch einiges ausge¬
349 1523 2406 1625 strichen, was mir jetzt gedruckt nicht gefällt. Zum
330 1614 2422 1716 Beispiel "obscure Familie" im "Haustheater" möchte
339 1770 2049 1869 ich aus bestimmten Gründen gern weg haben.
366 1882 2541 2038 Dann hätte ich es gerne gesehen, wenn die Büchertitel
362 2027 2333 2171 "Mensonge" von Bourget und "bibliotheque/ose "
336 2167 2407 2270 mit lateinischen Buchstaben gedruckt würden. Leider
326 2275 2409 2396 weiss ich nicht wie das zu bezeichnen ist und bitte
325 2427 1804 2546 Dich daher sehe das für mich zu tun.
334 2564 2413 2681 Bei dem Prolog vom Hugo fehlen oben die bemerkenden
339 2682 2458 2808 Worte und ich sende Dir anbei sein Manuskript, damit
331 2814 2450 2913 Du es vergleichen kannst. Ich glaub doch sie gehören
330 2954 2406 3093 dazu. Willst Du ihn vielleicht fragen, damit nichts
342 3067 2456 3189 geschieht, was er nicht mag. Ich hab es gerade jetzt
