3759 4658
2227 276 3038 442 16.10.1925 Bl.2.
672 525 3481 663 längeres Gespräch mit F. (über Jugend, Liebelei, Heini u. s. w.) - Nacht¬
641 632 3404 790 mahl in der Esplanade-Bar; - Barnowsky, Thomann Mann und Frau, Heinrich
627 755 3255 869 Mann, und noch etliche Mann'sche Verwandte. Auch Heini. Man hatte
672 882 3412 1032 nicht viel voneinander.- Mit Barnowsky über "Schwestern", wir haben
648 1040 3324 1159 am Sonntag eine endgültige Besprechung (Du siehst, dass Komödie der
686 1151 3372 1341 Verführung fürs erste ausser Diskussion steht). Sonntag dürfte ich
644 1275 1689 1422 auch Jessner sprechen,-
631 1452 3457 1558 Deine Wohnungsangelegenheit entwickelt sich jabwohl weiter; - freilich
636 1543 3420 1690 die neueste Lösungsmöglichkeit ist mir nicht sehr sympathisch - denn
677 1683 3360 1801 das wichtigste wäre ja doch, dass Du so oder 10, lieber so - in Dei¬
612 1819 3260 1927 ner Wohnung bleibet. Wieder Pension-oder Hotelexistenz, das kann
682 1931 3310 2060 ich mir eigentlich schwer vorstellen. Fast hoffe ich, dass aus der
674 2079 3291 2215 Mellersache nichts geworden ist und Du noch weiter einige Geduld
633 2228 2803 2350 hattest, um eine bessere Ordnung der Sache abzuwarten.
641 2356 3411 2470 Heute Vormittag soll ich in die Bank, - zu Hans Jacob, zu Fulda, endlich
627 2468 3306 2605 bei Michaelis essen; worher noch etliche telefonische Gespräche -
611 2589 3360 2728 das Programm wird nicht ganz durchführbar sein, umso mehr oder viel¬
625 2718 3305 2851 mehr und umso weniger als einige Briefe (Frankreich Amerika) uner¬
636 2861 1245 2984 lässlich sind.
677 2991 3409 3105 Meine Abreise habe ich vorläufig für Dienstag festgesetzt. Aus Wien
671 3147 3477 3277 habe ich von O. und Lili noch keine Nachricht. Ueber die Sache selbst
676 3238 3353 3368 will ich hier nicht reden. In gewissem Sinne wär diese Lösung jetzt
642 3380 3357 3532 vielleicht einer Berliner Begegnung vorzuziehen.- Deine Briefe, mein
631 3525 3350 3633 Liebes, sind auch ohne gerade erfreuliches zu enthalten, an sich (und
612 3633 3365 3755 objectiv gesehen) eben - erfreuliches, -nicht nur in dem Sinn, dass sie
636 3787 3348 3903 mich freuen und ich danke Dir sehr für Deine guten (wenn auch nicht
637 3892 3401 4051 immer stimmenden ) Worte. Also Sonntag schreib noch bitte recht sehr
640 4019 3312 4140 darum eine Expresszelle her. Die ersten Tage meines Wiener Aufent-
635 4181 3234 4341 haltes werden ja zu wünschen übrig lassen, wie ich ahne. Nun mein
625 4305 3364 4464 Schatz, lebwohl und auf ein schönes Wiedersehn. Ich küsse Dich zärt¬
609 4424 1272 4564 lichst. Dein A.
