3690 4726
583 351 1236 517 An A.S., Berlin.
1990 359 2678 519 Wien, 18.10.1928.
571 550 1103 727 Mein Liebes,
1069 683 3385 836 es ist erst 5 Uhr Früh, aber ich kann nicht mehr schlafen,
590 836 3431 978 denn tagsüber finde ich ja jetzt kaum Zeit. Von Der Plage und Gehetzt-
578 980 3383 1108 heit meiner derzeitigen Lebensweise machst Du Dir kaum einen Begriff.
593 1100 3481 1234 Gestern Vormittag war ich in verschiedenen Bureaux wegen eines Mädechens
590 1214 3345 1386 und schliesslich gab ich eine Annonce in die Neue Freie Presse. Dann
591 1365 3371 1506 in der Boden, wo ich das bisher eingezahlte Geld (für die Peregringas-
584 1501 3282 1596 senwohnung) in 7%igen Pfandscheinen anlegte und gleich in das Safe
601 1601 3477 1735 trug.- Nach Tisch war ein Händler stundenlang da sich die verkäuflichen
589 1752 3234 1886 Sachen ansehen. Er kaufte um 230 S. kleine Silbernippes aus einer
581 1896 3425 2000 Vitrine, die Du nicht kennst. Die guten Sachen behielt ich zurück. Heut
589 2016 3344 2146 kommt er und noch ein anderer wegen der Möbel. Dann packte ich einen
582 2152 3394 2256 Koffer um, in dem sich seit dem Winter im Hotel Regina alte Bücher und
576 2262 3213 2409 Schriften befinden. Da ich alles allein machen muss, die "Perle"
566 2398 3225 2543 gänzlich versagt und nur frech ist, bin ich schon recht müde. Dann
573 2548 3310 2680 ging ich zu Hery, der nicht ganz wohl ist und besorgte mir etwas zum
581 2666 3460 2804 Nachtmahl. Die Hausgehilfin war von 3-3/8 abwesend. Dann ging ich mit
582 2781 3266 2939 Frieda zur letzten Vorstellung zu "Lolotte" ins Kino. Ich hatte so
577 2949 3454 3054 sehr das Bedürfnis nach ein wenig Ablenkung und Aufheiterung. Der harm-
575 3044 3230 3173 lose, gut gespielte Film mit hübschen Bildern erfüllte ganz seinen
565 3173 3178 3315 Zweck. Frieda freut sich auch sehr über die Wohnung. Hoffentlich
567 3306 3283 3438 halte ich die nächsten Wochen physisch aus. Ich bestehe derzeit nur
565 3436 3445 3575 aus mit Energie gespannten Nerven, die aber manchmal am Zerplatzen sind.
1090 3576 3425 3694 Vorgestern hatte ich keinerlei Nachricht von Dir. Gestern
563 3687 3244 3842 Früh Dein liebes Telegramm und eine Karte, Nachmittag Brief. Er ist
567 3833 3294 3960 stellenweise sehr lieb und auch lang, aber ich weiss doch eigentlich
555 3918 3176 4123 nicht recht, wo und mit wem Du zusammen bist. Dass Du Dich an dem
555 4117 3368 4242 Zusammensein mit Heini und über ihn freust macht mich sehr glücklich.
553 4219 3323 4394 Wird er nicht einmal während des Wihters herkommen können? vielleicht
3441 82 3595 293 164
