3771 4634
576 208 1230 348 Tgb. 13.1.1930.
619 368 1826 547 erholend. Lieb, warm, herzlich.
572 546 3287 730 15.1.9 Uhr. In Erwartung A.'s ich sehe Schlimmes voraus. Es ist mir
558 712 3302 889 wichtig, dass er gut ankommt. Ich würde zugrunde gehen, könnt ich ihn
587 829 3312 1027 nicht mehr sehen. Aber alle Freude ist fort. Es war nicht gut seit
587 983 3433 1094 er von Marienbad zurückkam und es kann nie mehr wirklich gut und schön
587 1137 897 1249 werden.
580 1255 3462 1378 1/2 11 Anruf A.: "Guten Morgen. Wie hast Du geschlafen? Wie gehts Dir? Was
577 1376 3227 1481 mächst DU?“ (Und eh ich antworten kann). “Ich komme am liebsten in
575 1503 3386 1642 zirka einer halben Stunde zu dir hinüber." - Ich: "Bitte, wie du willst,
591 1631 2345 1770 ich bin da. " - Also in einer halben Stunde.
580 1746 3351 1937 12. Hat er wirklich glauben können, ich werde mich beglückt in seine
584 1890 1477 2051 Arme werfen? Oh nein.
3611 64 3664 221 23
