3755 4670
1983 215 3112 423 Florenz, Grand Hotel Baldoni
2083 378 2502 468 15.9.1926.
2081 421 3134 558 (nach Wien,Pension Kremer)
593 546 3273 684 Mein Liebes, ich habe Dir seit dem 12. nicht geschrieben - die Tage
605 688 3447 811 waren ereignislos, wie sie unter gleichmässigen Verhältnissen so leicht
664 803 3488 930 werden und gingen in gleicher Weise hin: Vormittag Strand, Bad; Nachmit¬
637 913 3286 1085 tag Arbeit und abends ein Spaziergang (seit jenem ins Land hinein
605 1042 3450 1221 von dem ich Dir neulich geschrieben, immer allein) - auch das Geburts¬
591 1198 3491 1354 tagsfest von Lili verlief ohne besondere Feierlichkeit (von einem etwas
596 1336 3406 1451 ennervanten aber bald im Sand verlaufenden pädagogischen Gespräch ab¬
599 1443 3326 1619 gesehen). Gestern Abreise nach Florenz. (Die Bahnzustände
606 1601 3395 1729 Jämmerlich. Die Ueberfüllung so stark, dass die Corridore unpassierbar
648 1726 3411 1846 waren. Die Florentiner Landschaft empfing mich mit einem anfangs et¬
612 1848 3243 1996 was verblassten Zauber. Ich eilte vom Hotel gleich zur Post, - ohne
598 1966 3390 2118 dort irgendetwas von Dir vorzufinden. Hoffebtlich heute morgen (ich
600 2133 3456 2294 schreibe diese Zeilen vor dem Frühstück). Für heute Programm, dass ich
2005 2207 2481 2294 Mediceische
586 2238 3210 2369 mit Lili allein in die Ufficien, Kapelle u. s. w.,
603 2357 3241 2497 während die andern 3 Damen auf eigene Faust kunstwandern. Gestern
587 2513 3321 2650 gegen Abend Viale dei Colli, San Minato, da war der Zauber wieder un¬
603 2642 3284 2751 verblasst; ja, die Landschaft wundersamer als ich sie im Gedächtnis
602 2770 3268 2900 behalten hatte. Morgen vielleicht Siena,- übermorgen nach Venedig.
592 2889 3223 3039 Es wäre möglich, dass Lili dann noch 10-14 Tage mit 0. in Venedig
608 3020 3296 3178 bleibt, ich somit allein zurückkehre, hängt von den Wohnungsverhält¬
623 3168 1461 3294 nissen bei Alma ab.
607 3279 3271 3448 Es wird in diesem Augenblick genau 8 Tage, dass ich von Dir nichts
611 3420 3174 3575 weiss - nun finde ich hoffentlich ein paar liebe Worte von Dir.
607 3532 3303 3728 Sonntag hoff ich daheim zu sein. Und nun mein Liebstes umarme ich
592 3696 2782 3830 Dich tausendmal. Auf ein schönes Wiedersehen! Dein A.
1633 3810 1855 3932 ------
