3787 4731
2387 259 3260 440 28.4.1928. Bl. 2.
767 450 3455 584 sich viel mit Paychoanalyse und Frauenpsychologie (über die er ein
720 584 3537 712 Buch schrieb) - und Palaeontologie beschäftigt hat-so dass ich gestern
711 753 3364 878 Abend die interessantesten Aufschlüsse über den Ichthyosaurus und
769 845 3401 1012 über die Frauenseele erhielt (der erstere lebte vor 150 Millionen
714 982 3374 1130 Jahren, die letztere wird überhaupt vielfach geleugnet). Uebrigens
710 1113 3316 1235 ein ungewöhnlich kluger, höchst gelehrter Mann nicht ohne einige,
716 1253 3515 1385 wahrscheinlich sehr berechtigte Selbstzufriedenheit. Seine rundliche,
2097 1350 2380 1428 I'm better
706 1388 3602 1500 resolute Frau ist mit, drei Kinder, bis 19, daheim geblieben. - Oberstleute-
750 1512 3436 1647 nant Krum - Kriegserinnerungen,militärische, politische, österrei-
717 1654 3310 1788 chische. Humorvolle winzig kleine Frau.- Advokat Dr.Sachzel; -ge-
756 1778 3348 1926 scheidt, - urheberrechtliches und metaphysisches. - Nebenpersonen,
688 1912 3348 2003 kommen von denen nichts besonderes zu sagen. - Abend immer Tanz auf
692 2027 3389 2149 Deck (mit Ausnahme des kalten Bosporustages). - Am besten aussehend
687 2145 3537 2324 die Italiener und Italienerinnen, einige wienerische von fern möglich; -
699 2309 3439 2443 die Deutschen zun grossen Theil unerfreulich anzusehen, werden über-
697 2418 3347 2574 troffen durch eine Schwyzer Gesellschaft. Im übrigens sondert man
712 2518 3426 2714 sich gegenseitig nach dem Zufall der Tischordnung ab (die natürlich
743 2688 2385 2804 auf die Nationalitäten Rücksicht nimmt).
749 2826 3549 2952 Das Essen weiterhin recht gut; die Dauer des Dinera erregt allegemeine
709 2901 3455 3069 Verzweiflung; (auch beim Kapitän). Von der nächsten Reise an soll Re-
715 3072 2482 3215 staurantbetrieb am Abend eingeführt werden.
733 3187 3386 3350 Zu längerem Aufenthalt von allen Küstenorten, die ich gesehen, lädt
770 3340 3510 3469 am meisten Rhodus eine 80 Km lange Insel, die jetzt den Italie-
693 3486 3435 3581 nern gehört, mit dem besten Klima des Mittelmeers (laut Bädecker) und
693 3608 3396 3755 einem ganz neuen prachtvollen Hotel-sowie dazugehörigen Badestrand.
686 3712 3004 3874 Aber die Verbindung hieher ist noch etwas mangelhaft.
677 3873 3462 3999 Lebwohl für heute, mein Liebstes, ich verlasse jetzt meine Cajüte, gehe
739 3947 3325 4068 auf Deck, umkreise es ein paar Dutzend Mal und umarme Dich vorher
675 3991 2078 4139 noch zärtlich. Auf Raks'bald! Dein
2066 4061 2191 4179 A.
1828 4128 2007 4232 -- — —
3575 111 3697 261 118
