3771 4658
2282 272 3069 484 14.11.1930. Bl.2.
584 493 3415 628 Heute Abend Elisabeth, die von England, nicht die vom Tonfilm. Ich habe
609 654 3515 788 mich telefonisch nicht bei ihrem Mädchen gemeldet, sie selbst tonfilmt
605 754 2901 883 den ganzen Tag. Ob ich sie sehen werde, unwahrscheinlich.
628 895 3312 1046 Vor Tisch hab ich heut das Kind von Lili Kraus, sie selbst und ihre
610 1028 3395 1189 Freundin (die Stiefschwester ihres Kindes) besucht. Ihren Gatten hat
620 1197 3308 1314 sie nur einmal gesehen - auf dem Standesamt während der Hochzeit.-
610 1301 3462 1419 Schriftsteller; aber sie kennt nichts von ihm. Eine Operette.- Schei-
611 1394 2502 1556 dung erfolgte sofort "durch sein Verschulden".
607 1568 3442 1738 Lebwohl, mein Kind, sei bald ganz gesund, ich umarme Dich in aller Innig-
602 1664 2023 1828 keit. Sonntag Früh telefonier ich.
612 1816 3217 1976 Gestern bei Michaelis Grammochonplatten Sous les toits de Paris.
607 1939 2585 2091 Auf ein gutes Wiedersehen und nochmals Lebwohl.
1331 2088 1666 2225 Dein A.
3514 119 3646 273 118
