3815 4787
2021 309 3190 487 Donnerstag 28.6.1923. Wien.
2799 436 3437 598 naer B. B. acten
628 484 1190 621 Mein Freund.
1191 576 3537 742 Es ist sechs Uhr Früh, ich kann nicht mehr schlafen, und da
704 743 3520 921 ich gerade sehr herzlich an Dich denke will ich Dir dies auch sagen.-
662 868 2473 1037 Zu erzählen, zu berichten gibt es noch wenig.
656 1029 3321 1163 Gestern Vormittag der gewöhnliche Weg in die Stadt, in die Bank, zu
702 1162 3443 1295 Tisch Exzellenz Leonhardy als Gast. Nachmittag mein Bild fertig ge-
672 1268 3471 1430 malt (als ob man je "fertig" sagen könnte). Dann mit den Buben genacht-
673 1417 2349 1526 mahlt, geplauscht und um halb elf zu Bett.
658 1517 3587 1649 Heute Vormittag wieder Stadt, Drecoll u. s. w. Nachmittag Thee bei Magda K.
695 1674 3425 1816 Morgen Freitag Vormittag Fahrt auf den Friedhof. Zu Tisch meine Ge-
681 1773 3508 1946 wechwister. Nachmittag Frau von Schaible, Emmy Erlanger bei mir, Samstag
663 1933 3357 2101 Abend möchte ich mit early zum Wintermärchen. Sonst weiss ich noch
663 2046 1909 2224 nichts von den nächsten Tagen.
670 2193 3585 2340 Ich hoffe ich höre bald von Dir. Ich möchte so gerne wissen, was Du heute
667 2317 3469 2498 in der ersten Nacht dort geträumt hast. Merke es dir doch bitte! Ver-
662 2462 3472 2561 giss auch nicht beim Waldparksanatorium des Dr. Heinzheimer vorüberzu-
668 2590 2623 2757 gehen, ich möchte gerne hören, wie es Dir gefüllt.
691 2723 3338 2865 Nächstens mehr. Fühlst Du, dass ich Dir noch mit viel Befangenheit
664 2843 3419 2981 schreibe? Vielleicht wird das besser mit der Zeit, denn das ist sonst
666 2960 1557 3118 gar nicht meine Art.-
657 3115 3466 3222 Ich glaube, es wird heute sehr schön. Ich sehe von meinem Bett aus nur
623 3227 3451 3401 blauen Himmel und Sonne und würde sehr gern mit Dir spazieren gehen.-
652 3347 2086 3533 Einen sehr innigen Gruss von Deiner
2117 3499 2805 3660 Clara Katharina.
685 3645 3423 3788 Entschuldige die Schrift, aber in dieser halbliegenden Stellung geht
653 3737 1328 3910 es nicht besser.
1578 3910 1662 4011 — —
1749 3826 1854 3992 --
3577 110 3697 282 18
