3686 4687
559 276 1380 448 An A.S. nach Berlin.
2158 278 2888 457 Wien, 12. Mai1926.
549 482 1087 636 Mein Liebes,
1040 569 3334 773 eben kam Dein zweiter langer Brief aus Las Palmas an, der
551 729 3330 856 Dich mir wieder näherbrachte als die bisherigen. Deine Reiseberichte
565 868 3436 1003 haben mich ja sehr interessiert wie alles natürlich, was Dich betrifft.
571 1023 3368 1137 Aber bis auf einen Satz im vorletzten Brief, der von "sehnauchtsvollen"
566 1179 3346 1306 Grüssen über Meer und Land“ spricht, hätten sie gerade so gut an eine
561 1279 3378 1425 Urgroastante adressiert sein können. Erst in dem letzten Brief klingt
575 1417 3530 1576 etwas wie wirkliche Liebe und Zärtlichkeit mit. Schade, - dass er so spät
552 1550 767 1718 kam.
1040 1640 3499 1798 Warum Du in Lissabon nicht einen Tagebuchbrief von mir vor-
611 1735 965 1844 gefunden.
568 1797 3333 1936 hast, habe ich Dir in meinem gestrigen Expressschreiben nach
565 1943 3210 2067 Berlin erklärt. Er ist geschrieben und vielleicht bekommst Du ihn
574 2082 3416 2214 auch einmal. Sehr erstaunt bin ich, dass Du an den Schluss dieser Reise
3004 2170 3195 2251 mehr
571 2197 3398 2349 noch einen mehrtägigen Aufenthalt in Berlin setzest und noch, dass
564 2338 3450 2478 Du den 15., den Du sonst in "Einsamkeit" zu verbringen pflegst, gerade
549 2477 3362 2636 heuer dort verbringst. Aber ich will nichts weiter darüber sagen. Ich
560 2605 3442 2735 habe nur auch so wie Du manchmal das Bedürfnis festzustellen. Du sollst
567 2737 3242 2901 natürlich nur das tun, was Du wilst und was Dich freut und ich will
560 2871 3158 3033 trachten, dass wir uns ohne Verstimmung und vergnügt wiedersehen.
1031 2994 3205 3163 Ich bin heute sehr gehetzt, muss eben in die Stadt und
561 3112 3389 3271 erwarte Nachmittag Magda, die mich gestern bat zu mir kommen zu dürfen,
553 3248 3413 3358 ich meine die kleine Magda W. Vielleicht schreibe ich morgen mehr, wenn
543 3354 2270 3544 Du wirklich xxx so lange in B. bleibst.
1030 3515 2074 3680 Es umarmt Dich sehr Deine
2055 3629 2284 3784 C.K.
3386 101 3539 303 294
