3787 4703
1851 339 2666 491 Semmering, 24.8.1928.
665 477 3367 677 Mein Liebes, gestern sah es schon ganz nach Herbst aus und heute
2428 613 2578 701 loch
637 647 3403 810 wist wieder der schönste Somnertag. Wenn es xxx so angenehme Ueber-
626 788 2358 928 raschungen oder Täsuchungen im Leben gäbe.
628 899 3018 1034 Vormittag mit Emmy am Pinkenkogel - hin Jurück in eine
632 1017 3238 1188 Stunden. Und dann direkt ins Stüberl, wo wir schon um ½1 Uhr essen
644 1169 3122 1329 da man sonst keinen Tisch allein bekommt. Gespräch über ihren
672 1319 3193 1437 bei Alma, über den ich Näheres mündlich berichten werde. Gesprä¬
634 1436 3312 1569 Dich,über die Zeit, über Beziehungen zu Gott etc. Sie ist eine aus
635 1565 3284 1693 zeichnete Person, nur schrecklich ermüdend. Ich kann nur nicht den
637 1712 3311 1836 zen Tag allein sein. Es bleibt immer noch der lange Nachmittag und
634 1827 1221 1969 Abend g übrig.
673 1965 3418 2103 Gestern Abend hatte ich gerade Angst vor der Einsamkeit, zog mir um
642 2103 3437 2238 10 noch mein einfachem schwarzes Kleid an, wickelte mich in mein Sil-
642 2225 3329 2364 bertuch, das Du ja kennst und ging hinüber in die Halle. Nach einer
634 2338 2508 2459 halben Stunde lief ich angegraust wieder fort.
639 2477 3433 2643 Heute Mittag fand ich Deine lieben Zeilen vom 22. vor. Ich freue amich,
681 2604 3454 2729 dass Dir Ruth sympathisch scheint und sicher eine Ablenkung für Dich
632 2734 3376 2850 bedeutet, nur sollte Heini noch nicht ans Heiraten denken (ich weiss
641 2858 3194 2995 ja gar nicht, ob es der Fall ist), denn er ist noch viel zu jung.
634 3016 3208 3155 Auch ich will heute zu arbeiten versuchen, obwohl es mich zu gar
649 3173 3336 3266 nichts ernsthaft hinzieht. Am ehesten noch zur Corday, aber mehr aus
642 3276 3450 3389 Eigensinn als aus Ueberzeugung, denn ich fühle mich dieser Arbeit noch
637 3392 1331 3545 nicht gewachsen.
639 3499 3519 3630 Ob Du nicht die Stabsarztnovelle anfangen solltest? Vielleicht ist das,
688 3653 3407 3792 was ich sage, sehr dumm, aber es ist gut gemeint. Ich glaube, dass ein
649 3817 3436 3930 grosser Schmerz sich eher in einem neuen Werk umzusetzen oder richti-
649 3937 3341 4092 ger aumzuleben vermag, als in schon betretenen Pfaden und dich daher
649 4045 3479 4176 eine neue Arbeit vielleicht eher abzulenken und zu fesseln vermöchte.
651 4168 3470 4290 Deshalb könntest Du ja immer fallweise auf "Zug der Schatten" und "Wort".
654 4264 3427 4364 zurückgreifen.-Lebwohl, mein Kind, ich hoffe noch immer zu hören, dass
668 4342 3384 4421 Du Dich wenigstens physisch erholt und erfrischt fühlst. Ich glaube,
649 4396 3476 4507 ich sehe schon besser aus, bin recht abgebrannt und alles andere -hängt
1091 4460 3271 4607 der Sonne ab. Lebewohl, mein Liebes, ich schicke Dir viele
963 4483 1024 4561 gne
648 4485 1268 4623 nichtend Küsse.
3448 142 3519 267 18
3569 152 3669 372 12
