3746 4670
2568 347 3466 499 15.7.1930 Bl.ß. 4.
644 500 3419 613 ein Arier auf.Gestern ging ein edler Pole mit Kaftan und Pajes nicht
590 620 3299 743 hinter einer Klosterfrau - "es woll der Rabbi mit der Nonne gehen".
614 727 3461 879 Am Abend ab 8 Uhr im Zimmer, ein Schinkenbrot gegessen und die "Corday",
650 864 3486 980 d.h. die ersten zwei Bilder durchgesehen. Beim Vorspiel ist der Schluss
590 989 3418 1130 zu verlängern und zu verstärken. Beim ersten Bild glaub ich nur stili-
646 1151 3023 1268 stische Aenderungen. Auch muss Marrat schon erwähnt werden.
606 1267 3417 1408 Ansonaten gibt es nichts zu erzählen. Manchmal bin ich fast froh, dass
600 1385 3414 1519 ich nicht sprechen muss. Mich von irgend einem Nchsteiger (kommt selt-
585 1511 3421 1654 samerweise noch vor) anreden zu lassen, hatte ich bisher keine Lust -
586 1654 1604 1803 Heute ist eine Woche um!
2349 1763 2719 1930 10 Uhr.
585 1893 3445 2068 Eben sprachen wir telefonisch. Hoffentlich gehen alle Deine Verhandlun-
687 2053 3329 2183 gen gut aus. Ich wünsche es Dir vom Herzen. Wie ich Dir sagte traf
604 2181 3465 2331 ich heute nach dem Frühbrunnen Baron Lazzy Guttmann, der überaus erfreut
642 2347 3330 2456 und liebenswürdig war und bedauerte die letzte Woche hier zu sein.
592 2451 3368 2573 Er will mich um 4 Uhr anrufen, seine Frau wird sehr erfreut sein. Ich
601 2561 3328 2703 kenn sie, aber wir waren nie in Verkehr. Trebitach kam dazu, süss und
638 2711 1370 2848 falsch wie immer.
598 2828 3314 2962 Heute um 17 soll ich auch einen Freund Fredis, einen Maler Klir, der
647 2951 3398 3071 hier lebt, in der Ausstellung treffen. Ich tu es Fredis wegen und weil
648 3091 3445 3240 ich vielleicht über die Ausstellung schreibe, an die Neue Freie Pres-
614 3230 3474 3353 se natürlich. Ich muss jetzt laufen, damit der Brief Vormittag fortgeht.
595 3357 2301 3508 Alles Liebe und Herzliche Clara Katharina.
599 3479 3410 3631 Samstag von 9-10 bin ich, wie Du wünscht, in der Nähe des Telefons,hof-
582 3625 2224 3773 fe aber vorher Antwort auf diesen Brief.
1704 3733 1972 3860 - - - —
3546 104 3657 259 61
