3742 4671
1873 281 3111 473 Wien, 27. Juni 1924m 7 Uhr Abend.
669 491 3354 668 Geliebter Freund. Du bist kaum einen Tag fort und es gibt schon so
631 654 3334 805 eine Menge zu erzählen, dass ich gleich heute damit beginne, so dass
624 761 3433 955 der Brief fertig ist, wenn Dein Telegramm kommt und ich ihn gleich ab-
655 875 1175 1024 senden kann.
611 1034 3310 1218 Der gestrige Familienabend war farblos und langweilig,ich war müde
628 1117 3307 1323 und hielt mich mühsam bis 12 Uhr aufrecht. Das heutige Erwachen war
621 1312 3303 1463 nicht sehr heiter, da mir gleich einfiel, dass Du mich nicht anrufen
585 1435 3371 1592 wirst. Diese Gewohnheit Dir jeden Schnarrn zu berichten ist so stark
610 1557 3207 1735 geworden, dass es mich fast unsicher macht nicht über alles Deine
601 1664 1308 1805 Meinung zu hören.
587 1820 3351 2010 Heute Vormittag wollte ich zuerst meinen Pass verlängern lassen, lief
579 1932 3424 2131 aber entsetzt davon, als ich eine nach Hunderten zählende Menge antraf.
582 2057 3250 2260 Entweder ich muss mich nächstens um 7 Uhr Früh auf den Weg machen
595 2206 3401 2384 oder einen kostspieligen Schleichweg suchen. Von dort begab
582 2317 3444 2515 ich mich zu Frau Rundt, die besonders liebenswürdig war, mir aber sagte,
576 2479 3266 2655 es sei ganz sinnlos Frau Heller aufzusuchen, da diese mich auch nur
575 2615 3239 2794 an Direktor Thal weisen könnte, was sie selbst besorgen wolle. Sie
597 2741 3471 2923 meldete mich gleich telefonisch bei ihm an und ganz ich ging auf ihren
560 2828 1312 2987 Rat gleich zu ihm.
555 2977 3236 3179 Er machte auf mich einen recht reservierten geschraubten Eindruck,
556 3132 3407 3290 sagte, dass er die Gedichte erst sehen Gmüsse (was doch selbstverständ-
552 3203 3269 3443 lich ist), meinte, es sei keine sehr aussichtsreiche Sache, da man das
548 3374 3280 3555 Buch nur in Oesterreich in den Sukzessionsstaaten, aber sicher nicht
593 3503 3357 3692 in Deutschland kaufen wird. Schliesslich verblieben wir, dass ich ihm
539 3608 3236 3798 die Gedichte nächstens bringen werde. Ich weiss nicht, ob ich nicht
548 3771 3240 3945 doch auch zu Frau Heller gehen werde, obwohl Frau Rundt es nicht zu
541 3889 3322 4075 wünschen schien und es mir auszureden suchte. Sie frug mich übrigens,
544 4011 3187 4194 warum ich mich nicht an Zsolnay wende, den der Name Géraldylocken
533 4150 3292 4318 dürfte. Ich frage Dich, was Du davon hältst, da ich ohne Deine Zustim-
514 4289 2322 4481 mung keinen Schritt inder Richtung tun will.
3520 110 3639 291 60
