3674 4662
658 267 1288 408 An A.S. Berlin.
2143 275 2747 444 Wien, 4.1.1929.
663 549 1188 751 Mein Liebes,
1181 701 3273 871 eben habe ich mir Deinen Brief vom 3. aus dem Kastel
655 856 3352 1027 geholt, da Sophie nicht zukause ist. Ich begreife gar nicht, dass Du
670 1011 3373 1128 an diesem Morgen keinen von mir hattest. Denn äusser am 31. schrieb
661 1123 1322 1269 ich Dir täglich.
1164 1269 3313 1395 Heute Vormittag war ich also wieder einmal in "Wien",
649 1395 3462 1535 ich kam mir schon wie das Lentscherl vom Land vor und blieb vor allen
652 1543 3212 1662 Auslagen stehen. Ich gab meine Weihnachtsschuhe gegen einen Bon
658 1664 3418 1840 beim Schuster Kardos ab, da er meine Grösse nicht vorrätig hatte, dann
653 1787 3378 1931 fuhr ich zu Laufer (1 S.20), um noch eine Kleinigkeit wegen des Man-
646 1915 3372 2075 tels zu besprechen. Um 1 Uhr war ich mit der Elektrischen natürlich
655 2048 3367 2178 wieder zuhause und um ½2 kam Baron P. zu Tisch, der mich Neujahr an-
682 2165 3406 2344 rief und mir sagte, dass er Mittags am ehesten herauskommen kann. Er
638 2298 3437 2434 war von der Wohnung begeistert, sagte, er sei froh, dass ich es so schön
645 2444 3390 2564 und gut habe. Wir sprachen sehr viel von Dir und dann über Religion,
626 2530 3392 2701 Katholizismus etc. Uebrigens kennt er Frau Czapo, die gestern bei mir
634 2698 3303 2849 war und was ich von allen Seiten über sie höre macht sie mir nicht
608 2845 3361 3000 sympathisch. Sie hat eine Bridgestube im Hotel Royal in der Singer-
657 2939 2501 3103 strasse mit sehr schlechter Gesellschaft etc.
1146 3058 3227 3221 Nun, Liebes, muss ich Dir noch sagen, dass ich gerührt
618 3219 3301 3367 bin, dass Du mit Elisabeth B. über mein Stück gesprochen hast. Wenn
673 3364 3345 3508 sie das Stück verlegt hat, könnte sie sich das stück von Kahane ge-
614 3489 3308 3631 ben lassen, der es auch hat. Oder hältst Du es für besser das nicht
617 3612 3268 3773 zu erwähnen? Viel wichtiger aber ist es, dass die "Else" zustande
618 3750 3138 3878 kommt. Am besten wäre Elisabeth käme bald nach Wien. Jetzt ist
612 3850 3289 4056 "Freiwill" überall angeschlagen als "Meisterfilmwerk" von A.S., was
608 3971 3456 4181 ich saudumm finde. Es wäre richtiger gewesen nach einem "Jugendwerk von
591 4168 3385 4306 A.S.“ Meisterwerk kann man bei der „Else“ sagen. Ich warte mit dem
3494 46 3564 84 des
3481 106 3591 235 187
