3746 4670
2247 244 3096 421 15.7.1930. Bl. 3.
601 407 3303 580 im Café Fupp (10 Ck) und am Abend nehm ich mir was Kaltes nachhaus
636 533 3414 661 oder ein unterwegs zwei Eier. Ab 19 war ich bisher immer zuhaus. Wohin
600 663 1127 828 sollt ich auch
602 817 3437 954 Freitag war ich beim Arzt Dr. Deutsch, der schon in Beisein Dr.Koprivas,
601 936 3429 1067 des Vertreters, zu sprechen war. Einsehr redseliger (trotz der Überstan-
585 1065 3396 1204 denen Mandeloperation) und überaus liebenswürdiger Jude, der mich sehr
603 1164 1460 1343 gründlich untersuchte
591 1297 3272 1468 Ich hatte nämlich Donnerstag nach dem 2.Glas Marktbrunn einen sehr
598 1455 3476 1594 argen Aufregungszustand (Weinkrampf etc.) und konnte in der Nacht trotz
592 1601 3395 1737 2 Äedrobrol und 1 Phanodorm nicht schlafen. Er sagte, diese Aufregungs-
571 1736 3316 1837 zustände pflegen nach Martbrunn (merkwürdigerweise nur bei jüngeren
572 1838 3487 1995 Menschen) vorzukommen. Meine Nerven seien sehr herunter, leichte Entzündng
580 1948 1212 2135 der Gallenwege.
588 2121 3402 2247 Ich stehe täglich um 6 Uhr auf, bin gegen 7 Uhr beim Brunnen, damit ich
589 2218 1654 2386 um 8 Uhr frührtücken kann.
591 2348 3340 2481 Vorgestern war ich hier am Vormittag in der Kunstausstellung, wo zwei
603 2488 2161 2646 hübsche Landschaftem von Fredi hängen.
2085 2620 2503 2750 6.7.1930.
564 2749 3302 2913 Heute sprachen wir uns telefonisch.Leider hat die Verbindung nicht
580 2909 3390 3053 recht funktioniert. Ich freue mich, dass Heini bei Dir ist. Bitte grüsse
578 3046 3338 3184 ihn auch sehr herzlich von mir. Ich freue mich auch für Dich, dass die
694 3158 3468 3312 Beziehungen zu Amerika sich so günstig gestalten. Hoffentlich wird auch
586 3272 3249 3398 zunehmende Sorglosigkeit in dieser Richtung Deinen Herven gut tun.
578 3398 3385 3560 Ueber meine Sparerei zerbrich Dir doch bitte nicht den Kopf. Ich lebe
604 3535 3213 3702 noch immer über meine Verhältnisse und wenn ich viel Geld hätte
580 3651 3365 3837 würde ich es mit Wonne ausgeben. Aber ich mag nun einmal nichts tun,
575 3801 3402 3928 was fallweise Gewissensbisse und Seelenqualen auslöst. Das ist schlim-
566 3954 3398 4083 mer als diese kleine Entbehrungen.-Das Wetter ist eher etwas unsicher,
570 4043 1675 4217 zeitweise leicht abgekühlt.
558 4155 3447 4298 Gestern kein besonders guter Tag.-Dieser Kolonadenrummel ist etwas Gro-
555 4351 3380 4488 teskes und Trübseliges. Zwischen den zahllosen Juden taucht hie und da
3552 103 3649 251 60
