3823 4767
581 431 3603 611 s-N. M.K. kam Prof. Schinnerer mich besuchen. Er weiss nicht was vorgeht, u. h.
403 580 3505 753 ich kann nichts erklären. Er hat mich am Semmering zum Bahnhof begleitet und
416 700 2014 863 wol begriffen dass etwas geschehen ist.
415 821 3124 1019 Ich helfe Magdy, koche räume auf und fall erschöpft auf den Divan.
413 922 3487 1122 Anruf Dr. D. der mir sagt, A. sei erschüttert über mein Verhalten und er
405 1082 3499 1255 wird mir unbedingt nachkommen, wohin immer ich gehe. Meine Haltung imponiere
414 1233 3403 1362 ihm selbst ebenso wie A. und er habe A. seine Meinung über diese Frau und
444 1319 964 1452 mich gesagt.
450 1445 3459 1594 Ich will morgen abreisen. Hier falle ich meinen Kindern nur zur Last und
447 1598 3481 1710 kann überhaupt nichtmehr weiter. Auch dürfte Fr. Cl. wol am Iten Aug. hier
457 1690 920 1844 eintreffen.
442 1815 3559 1974 31. 7. Sehr wehnütiger Anruf von A. ich soll ihm erlauben ihn vor meiner Ab-
441 2011 3518 2136 reise zu sehn. ich bin Vor - Mittag ohnedies in meiner Wohnung, um Pelznan-
451 2112 3675 2242 tel und Post zu holen. Wenn er kommen will kann ia es mal verbieten.
426 2225 3447 2411 N. M. A. kam mit Rosen in der Hand. Ich lehnte Gespräche ab. Er behauptet
441 2349 3503 2508 un den 15 ten bes imt nach Gastein zu mir zu kommen, brachte mich in einem
444 2481 2391 2677 Auto zur Wohnung meiner Kinder. Ich reise Abend.
437 2615 1159 2781 Gastein I. August
432 2759 3589 2912 Die Kinder haben mich an sie Bahn gebracht - sie sind entzückend. Fahrt elend,
421 2906 3379 3022 Maschienen- Defekt in Hallein. Landschaft Luft wundervoll. Haus III Rang.
428 3031 3487 3172 N. M. Besuch des Besitzers Dr. W. stupieder alter Jud. Untersuchung. Mein
436 3138 3596 3317 Blutdruck II0 nein Gewicht $5.5I Kg. 10 Mk. seit Semmering noch 2 kg. ver-
430 3285 3555 3425 loren. Abend mit meinem alten Medic nr. Bloch genachtmahlt um nicht allein
430 3416 791 3540 zu sein.
429 3556 3562 3690 2. Aug. Befinden elend Wetter herrlich. Heute ist er wol mit Fr. Cl. zusam-
418 3659 623 3787 men.
407 3779 3553 3964 Einsam- einsam. Viele Stunden im Bett. Mirabeau gelesen (von Juvenil) auf S.
430 3934 3572 4064 132.: Aber alle Übel finden ein sicheres Ende, nämlich dann, wenn sie unert
429 4050 3232 4202 träglich werden. - Ist es so weit? und wird das Ende ein Gutes sein?
426 4232 3591 4373 3 Aug. Keine Zeile. Mein Befinden elend. Erstes Bad, nachher mit Herzklopfen
423 4327 2297 4512 im Bett. N. M. Verabredung mit den alten Bl's.
3544 111 3700 306 20
