3742 4674
2148 321 2875 468 Wien, 1. Juli 1924.
630 439 3365 609 Liebster Freund. Dem gestrigen ermüdend schwülen Tag ist heute ein
601 582 3338 736 trüber regnerischer gefolgt und ich habe beschlossen gar nicht aus-
631 720 2246 861 zugehen. So habe ich Zeit zu schreiben.
623 848 3444 980 Dank für Deine Samstag-Zeilen, die ichagestern erhielt und mühsam ent-
593 1009 3421 1126 zifferte. Leider steht nichts von all dem drin, was ich wissen möchte -
598 1099 3304 1245 weder von äusseren Eindrücken noch von inneren Vorgängen. Und dann:
579 1243 3327 1401 „Il y des mots - c'est a cause de mots, que l'on aime". So steht ge-
587 1376 3299 1528 schrieben in "Histoire d'une Marie de Baillou und ich denke, dass Du
630 1535 3219 1692 diesen Satz und mich verstehst. Dies ist aber nicht das einzige
594 1673 3363 1796 Buch, das ich Deiner Bibliothek entnommen habe. Bitte sei nicht böse!
603 1762 3245 1891 Fräulein P. brachte mir auf meine Bitten mit einigen Widerstreben
591 1887 3402 2024 "Les lettres à une étrangères. Es ist bestimat bei Dir, ehe Du zurück
602 2051 3452 2176 bist. Uebrigens bin ich gestraft. Ich fand einige Stellen von Dir an-
643 2169 3440 2312 gestrichen, die mich sehr quälen, aber fragen werde ich erst mündlich.-
608 2303 3249 2453 Die Briefe sind übrigens so unerhört schön, dass ich alles andere
601 2445 3235 2568 fortgelegthabe und nichts anderes lese. Es ist übrigens gar nicht
605 2555 3327 2707 richtig, dass er sie nie gesehen hat. Er hat jede Möglichkeit ausge-
562 2689 3358 2819 nützt, um mit ihr zusammen zu sein und sie hatte einen Mann und lebte
645 2850 3328 2969 in einem andern Land und ich habe das Gefühl, dass sie diese grosse
586 2961 2889 3071 Liebe gar nicht wert war. Aber vielleicht irre ich mich.
590 3074 3446 3192 Nun will ich aber von den vergangenen Tagen nachtragen. Sonntag Vormit-
637 3238 3377 3383 tag am Friedhof, dann bei meinem Bruder Otto zu Tisch, dann zum Thee
592 3345 3427 3484 bei Emmy Erlanger, wo auch Lotte Menasse war. Wir haben uns gegenseitig
609 3466 3321 3608 von unseren pekuniären Sorgen erzählt- es war nicht sehr heiter. Um
580 3598 3394 3724 19 war ich zuhause und habe lang gelesen. Gestern Vormittag geschäft-
588 3742 3318 3886 liche Unterredung mit meinem Bruder und Biedermann-Bank. Dann rasch
604 3877 3284 3997 wieder nachhause, wo gestern der Vacuum Cleaner arbeitete. Um 4 Uhr
595 4011 3278 4111 kam Frl.P., der ich die letzten 5 Gedichte zum Abschreiben übergab.
576 4117 3263 4245 Während ihrer Anwesenheit rief ich Paul W. an, der mir aber sagte, er
601 4268 3281 4428 wisse selbst nichts über das Nichterscheinen der Gedichte und habe
3480 108 3616 265 68
