3690 4670
2774 434 3144 578 11.9.25.
973 633 3331 803 Morgen muss ich leider schon um 9 Früh beim Zahnarzt sein.
587 764 1696 913 Ich bin feig und hab Angst.
1087 854 3230 1000 Nun habe ich so ziemlich alles berichtet. Ich bin in
579 1032 3284 1187 die Gedanken an meine Wohnung, an den Winter und in diese verfrühte
577 1173 3258 1314 Kälte ganz eingesponnen und die vergangenen Tage scheinen mir sehr
615 1262 1454 1420 fern und unwirklich.
1093 1398 3266 1539 Frieda P. scheint noch nicht in Wien zu sein. Ich habe
571 1545 3307 1663 unzählige Mal vergeblich bei ihr angerufen. Ich brauchte sie drin¬
609 1700 2551 1831 gend. An Benedikt schrieb ich schon vorgestern.
1091 1812 3295 1926 Ich denke, dass ich morgen einen Brief von Dir bekommen
579 1919 3230 2056 werde und bin schon recht neugierig auf diesen ersten Bericht. Da
577 2073 3337 2218 ich vorraussichtlich nicht mehr schreiben werde, wunsche ich Dir eine
613 2199 3294 2336 gute Heimreise und hoffentlich ein besseres Widersehen als Ausein-
573 2338 1036 2446 andergehen.
1039 2433 2004 2603 Mit innigem Kuss Deine
1931 2588 2613 2759 Clara Katharina.
1610 2723 1834 2875 - - -
