3742 4662
1918 329 3206 454 Baden-Baden, Räkkxx1925 11.1.
1877 434 3282 518 Sonntag Morgen, aber nicht Brenners
1881 511 3315 580 Kaiserhof, sondern,da dieses wie die
1879 566 3313 665 meisten Hotels geschlossen, im xxx
1873 638 3080 759 Holland-Hotel neben der Post.
591 731 3246 873 Ein herrlicher Park, so dass man gar nicht den Eindruck hat in der
560 861 3296 976 Stadt zu sein. Das ist noch immer die Datierung und nun, Liebste, die
592 1026 3296 1170 Mitteilung, dass ich mich wohl befinde und in zwei Stunden vorlesen
555 1138 3397 1248 werde (wahrscheinlich Redegonda, Letzte Masken, und Weihnacht seinkäufe).
579 1282 3327 1418 Gestern Abends soupierte ich mit Dr. Waag, dem Intendanten und seinem
550 1382 3400 1550 Dramaturgen Grützer dort im Kursaal; - aber es stellte sich heraus, dass
559 1525 3361 1651 im Konzertsaal Prihoda auftrat, und so begaben wir uns alle, auch Lili,
561 1641 3454 1816 d.h. die besonders, ohne den Pudding abzuwarten hinauf und waren Publi-
557 1777 3516 1924 kum (er spielte sehr schön). Nachher sassen wir nocheine Weile im Restau-
592 1953 3446 2059 rant. Die beiden Herren sehr sympathisch; Dr. Waag erinnert, wohl haupt-
548 2063 3398 2210 sächlich durch seine Manheimisch an Bassermann, hat Humor und Welt. Der
553 2175 3362 2283 Dramaturg G. macht einen etwas germanischen Eindruck, gefiel mir aber
593 2291 3519 2455 so weit ganz wohl. Die Stadt, ohne Saion-zauber und -schwindel, -in einer
546 2447 3506 2584 Art von Vorfrühlingswetter, präsentiert sich ganz charmant; und wie Curor-
529 2577 3407 2688 te ausserhalb ihrer eigentlichen Zeit das gewöhnlich tun, einigermassen
584 2729 3350 2867 rührend. Ich will nun, vorder Lectüre, (ein entzückender kleiner
531 2849 3209 2988 Saal übrigens - fand ich überall solche, -der in Stuttgart war ein
517 2972 3089 3138 grässlicher Kasten!) noch einen kleinen Soaziergang machen. xxx
810 3101 3294 3243 An meinen Lackschuhen sind eben zwei Knöpfe gesprungen - das
534 3236 3435 3376 bedeutet Glück, aber nur wenn man ein anderes Paar mit hat. Dies ist er-
578 3335 3508 3475 freulicherweise der Fall, und so wird heute dieser neue Doppeladler ein-
569 3501 3470 3640 geweiht. Deine liebe Karte habe ich erhalten. Es thun sehr wohl überall
583 3634 3353 3773 solch einen Gruss zu finden! Sei bedankt und umarmt. Alles Zärtliche
537 3714 1164 3897 und Gute. Dein
1787 3828 1906 3974 A
1590 3930 1899 4071 - - - -
3454 99 3614 287 104
