3686 4715
2246 246 3404 432 Wien, 21.3.1925.Hotel Regina.
562 287 1182 429 An A.S.,Berlin.
595 473 1117 662 Mein Liebes,
1093 625 3461 762 entschuldige Eile und Bleistift, aber ich muss in die Pere-
568 750 3366 894 gringasse, wohin jemand zur Besichtigung der Wohnung wegen eventuellen
560 856 1847 1003 Ankaufes am 1. Oktober kommt.Es
1986 875 3406 1015 sicher nichts daraus, aber
572 1006 1713 1151 hin muss ich doch. Ich will nur
2038 1013 3406 1159 ein paar Zeilen an Dich absenden,
569 1148 3364 1261 weil ich gestern nicht schrieb. Ich war zornig, weil kein Brief von Dir
547 1253 3339 1379 kam und der vorgestrige rein chronologische Bericht mir noch in den
588 1374 3386 1521 Gliedern lag. Der heutige ist sehr lieb und ich bin bin sehr froh und ist
569 1523 3378 1646 danke Dir. Es ist merkwürdig - wenn Du mir etwas Liebes sagst oder ich
560 1675 3337 1799 Deine Liebe fühle, dann springen tausend warme Quellen in mir auf und
573 1791 3406 1938 ich weiss, wie gern ich Dich hab. Wenn Du aber kalt und reserviert bist,
564 1923 3327 2066 dann fallen alle Türen meines Inneren zu, ich bin Dir fern und zu je-
548 2059 2776 2193 der Schlechtigkeit fähig. Ich habe noch keine begangen.
956 2207 3289 2332 Gestern Vormittag Stadt, Nachmittag gearbeitet. Abend Harry
568 2276 1471 2466 zum Nachtmahl bei mir.
964 2439 3252 2585 Heut ist es warm und schön und ich gehe jetzt mit vielen
561 2556 3244 2715 lieben, lichten Gedanken an Dich in den Frühling hinaus, der nun doch
552 2709 1475 2833 wirklich kommen will.
990 2853 3351 3002 Meine Novelle erscheint gleich nach der jetzigen längeren
540 2955 1999 3122 Novelle von Bunin. Bin sehr erfreut.
953 3097 3377 3243 Ich schreibe heute noch ausführlich und sende Dir nur einen
534 3217 3287 3369 l'angen innigen Kuss - - an dieser Stelle - und ohne Lippenschminke,
555 3356 1164 3523 wie Du siehst.
1258 3474 1531 3625 Deine
1515 3602 1716 3770 C.K.
3435 104 3591 300 156
