3759 4618
609 299 824 506 1927
614 471 3423 684 9.11. Vormittag bei Magda und eine Stunde mit ihr spazieren gegangen.
605 634 2607 796 Sie ist süss und lieb, aber ein wenig zu kindisch.
602 766 3333 922 Mein Mieter beginnt einzuziehen. Habe mir nicht träumen lassen, dass
606 881 3335 1047 ich einmal drei Mieterin dieser Wohnung beherbeggen werde. Aber ich
574 996 1367 1149 will nicht klagen.
596 1142 3416 1305 10.11. Erster Regentag. Mittag kam meine Schwester durchnässt herein-
596 1264 3318 1418 gestürzt. Sie hat noch immer keine Wohnung. Ich zwang sie wenigstens
592 1409 3389 1608 Schuh und Strumpfe zu wechseln. Wohin wird sie ihre christliche Demut
600 1532 1104 1654 noch führen?
576 1652 3060 1834 Zu Tisch bei A. angesagt. Auch Frieda war da. Sehr gemütlich.
575 1814 3469 1976 Zuhause angekommen, geschlafen, an den "Lasttieren" Aenderungen vorgenom-
580 1943 3471 2071 men. Dann umgekleidet. Am Abend mit A. bei der "Beständigen Frau". Ganz
578 2080 3463 2230 gutes Stück, Dialog mässig, Roland zu alt und mies. Weissen Hahn genacht-
575 2188 3289 2340 mahlt gute Stimmung. Zuhause Um 12 Uhr Nachts Anruf von Dr. Benedikt
573 2346 3466 2505 wegen des russischen Akzent der Jo (in meinem Roman). Unleidliche Seka-
571 2447 775 2552 tur.
565 2568 3292 2756 11.11. Guter, stiller Tag. A. zufällig beganet, nur eilig gesprochen,
565 2701 3462 2910 aber mit viel Liebe. Nachmittag zuhause. Korrekturen Presse. Aphorismen
555 2864 3279 3050 von A. weiter gelesen mit immer grösserer Andacht. Jetzt "Lasttiere"
565 2976 3118 3161 vorgenommen. ½ 4 A. tel. gesprochen. Mein Mieter enerviert mich.
546 3105 3449 3293 12.11. Revolutionsfeiertag. Gottlob elendes Wetter. Freue mich darüber.
547 3238 3288 3438 Gutes Morgengespräch mit A. Nachmittag Tee bei Gottholf, dann mit A
548 3386 3440 3539 im Kino "Der tanze Tor". Nachher Opernrestaurant. A. Zahnschmerzen, daher
550 3482 1057 3620 etwas still.
535 3614 3357 3816 14.11. Nachmittag Frieda diktiert. Dann mit ihr und A. beim Napoleon-
537 3740 779 3883 film.
524 3855 3514 4059 15.11. Nacum. Bei Wellesz, uns gut gesprochen. Meine Geéraldi-Uebersetzung
534 3983 2818 4208 "Toi et moi" schon überall zu haben. Höre Gutes darüber.
528 4104 3347 4329 16.11. Anna begrüsst, die nach Wien gezogen ist und mit Rudi und Maria
3578 89 3670 258 67
