3771 4622
671 246 1324 436 Tgb. 23.6.1931.
668 471 3521 599 aufs Cohenzl hinaufgefahren, ein paar Schritte gegangen und in der Däm-
756 618 3319 744 merung eines wunderschönen Sommerabends gesessen. Er schlug mir
675 720 3354 864 Cottagomanatorium oder Semmering Kurhaus vor, aber ich lehnte sanft
671 890 3343 1018 und freundlich ab. Ich entschliesse mich vorläufig zu nichts - - -
667 985 3484 1136 Heute Vormittag in der Stadt eine silberne Fischschüssel und Sauciäre
704 1145 3482 1251 um 225 S. verkauft. Dann für Harry sehr schönen photographischen Ap-
671 1243 3248 1423 parat erstanden und noch verschiedene Kleinigkeiten, die er sich
677 1399 3462 1555 wünscht. Der Juwelier hat mir nur den offiziellen Silberwert bezahlt.
673 1531 3444 1699 Wenn ich ihm die Sachen dort gelassen hätte, versprach er mehr zu er-
664 1664 3482 1805 zielen, aber ich konnte nichtswarten. bin auch zu müde.- Nachmittag be-
670 1789 3399 1943 suchte mich Emma Sachs, Abends soll ich mit A. auswärts nachtmahlen.
665 1941 2264 2091 Mitleid, - damit ist mir nicht zu helfen!
673 2010 3413 2197 24.6. Gestern Abend bei Strasser mässiges Essen und gedrückte Stim-
2728 2151 2962 2229 blieb.
650 2204 3432 2348 mung, teilweise zu Fuss nachhause. Vor meinem Hause
672 2329 3471 2435 stehen, um der Musik im Park zu lauschen. Ich frug, ob er noch ein we-
674 2449 3318 2576 nig auf meiner Terrasse sitzen will. Aber er magte: "Nein, ich geh
670 2594 1115 2708 schlafen".
693 2720 3323 2876 Heute Vormittag Spital meinen Rücken röntgenisieren lassen, dabei
638 2812 3388 2956 5 kirschengrosse Gallenstein auf einem Platz entdeckt. Herz durch-
707 2951 3450 3092 leuchtet. Organich dabei angeblich nichts gefunden. Bei Elze, der es
675 3109 3344 3247 elend geht. Sie gab mir auf mein Drängen die Adresse ihrer Mutter.
666 3219 3522 3366 Gespräche mit Cary, der um mich sehr bezorgt scheint. Studentenkrawalle
671 3337 1353 3542 gegen die Juden.
655 3463 3274 3634 Nachmittag Enmy Erlangen unangewagt, Clara Hatvay angesagt. Dann
661 3606 3355 3761 Dr. Selinger, der meine Nerven am Hund findet. Blutdruck 150,-rät zu
667 3748 3357 3893 Gastein. A. ruft wiederholt an, wie es mir geht. Am Abend angeblich
631 3869 2308 4026 Herrenabend bei ihm. Ich glaube es sogar
668 4006 3464 4139 25.6. Elizabeth Bergner bei A. zu Tisch. Ich natürlich nicht gebeten,
663 4163 3512 4308 haber mir ganz gleichgültig. Harry zu Tisch, wird bis zu seiner Abreise
3530 124 3650 297 194
