3674 4698
2674 483 3075 628 13.10.25.
599 658 3409 818 frohen Gedanken wie ich, hat man halt manchmal das Bedürfnis sich mit¬
607 790 3282 913 zuteilen. Am Abend sollen Herry und Carry bei mir nachtmahlen. Ich
599 946 3211 1068 bin fast ein bisl erregt Herry wiederzusehen und habe den besten
590 1049 3450 1209 Willen allen Irritationen und heiklen Themen auszuweichen. Cary scheint
606 1170 3278 1324 über beide Ohren verliebt zu sein, denn er ist sehr liebevoll gegen
601 1327 3286 1437 mich, wie immer in solchenzeiten, in denen er das Bedürfnis hat sich
587 1448 1127 1586 mitzuteilen.
2672 1591 2956 1700 14.10.
902 1713 3350 1822 Guten Morgen, mein Liebstes und vielen Dank für Deinen lieben
594 1842 3350 1994 Brief, den ich soeben erhielt. Ich fühle vorläufig eine gute Stimmung
605 1981 3348 2127 in Dir und hoffe sehr, dass sie sich über Deinen ganzen Berliner Auf¬
599 2118 3384 2224 enthalt erhält. Nein, an der Freundschaft der Dora M. finde ich nichts
591 2247 3312 2346 auszusetzen. Sie hat sicher ein gutes ehrliches Gefühl für Dich und
600 2379 3159 2523 ich würde mich sicher mit ihr ganz gut sprechen, wenn sie mir um
623 2493 3199 2649 Deinetwillen ein freundliches Interesse entgegenbrächte. Andere
629 2638 3262 2738 sind in meinen Augen unsympathische Spielereien. Unsauber von der
593 2779 3236 2902 einen Seite (der weiblichen) und ungeschickt von Dir (mehr als Du
590 2902 3191 3041 ahnst). So, und nun genug davon und ich wünschte sehr für immer
591 3042 3387 3168 und ich schliesse Deinen Mund, der sicherlich etwas Aergerliches sagen
549 3137 1697 3288 will, mit einem langen Kuss.
891 3286 3346 3440 Gleichzeitig mit Deinem Brief Antwort von der Presse folgen¬
570 3411 3203 3565 den Inhalts: "Sehr geehrte Gnädige. Wir sind prinzipiell geneigt
584 3567 3217 3697 den Einakter "Redoute" zu veröffentlichen. Wir bitten Sie mit dem
568 3676 3343 3829 Redaktionssekretär Herrn Novak wegen der Honorarforderung in Verbin¬
584 3808 3341 3923 dung zu treten. etc. "Keine Unterschrift. Ueber das "Kind" noch kein
573 3927 807 4052 Wort.
897 4075 3303 4175 Gestern war noch eine Dame da, die ev. die ganze Wohnung für
604 4192 3462 4342 8 Millionen monatlich mieten möchte. Ich habe gleich mit meinem Bruder
580 4327 3450 4487 telefoniert, ob dies vom Mietamt aus tunlich ist. Ich leugne aber nicht,
