3759 4658
1684 198 2085 365 IV. Brief
2016 424 3376 565 Berlin,Hotel Esplanade, 16.10.25.
2062 520 2979 643 (nach Wien,Peregring.)
595 615 3340 761 Mein Liebes, gestern habe ich nicht geschrieben; so will ich vor al-
604 749 3331 851 lem die Chronik der beiden letztvergangenen Tage aufzeichnen.- der
597 892 3543 991 die Unterlage für einen mündlichen Bericht abgeben soll. Also Mittwoch
640 1044 3393 1164 den 14. Vorm. Bureau Fischer, gründliche Aussprache trug meinen Brief
598 1167 3268 1294 sozusagen mündlich vor. Er war sehr zugänglich, ja herzlich. Seine
599 1274 3454 1432 Stimmung u.a. gebessert durch den Umstand, dass der Fortbestand des Ver-
633 1403 3208 1555 lags durch den Schwiegersohn sozusagen auch moralisch gesichert
600 1535 3356 1668 scheint. Wir verhandelten und plauderten 2 Stunden lang, manchmal bei
640 1672 3404 1821 Anwesenheit Marils. Ich versprach noch nichts fix, aber ich werde ihm
635 1792 3398 1936 wohl die Novelle geben. Ebenso natürlich das Stück. - Mittagessen mit
593 1905 3364 2061 Wiegler und Heini. (Solche Mittagsessen, die um 3 beginnen, ziehen sich
566 2086 3279 2224 bis 5,6 hin.) Nachher einige geschäftliche Correspondenz u. dgl.
578 2192 3389 2326 Kino (Briefe, die ihn nicht erreichten, Bassermann) mit Dr. Michaelis,
610 2321 3275 2449 Dora und Lor.- Dann "Austernmeyer" - wo die Leuße von der Première
590 2458 3391 2614 hinkommen; - ausser Meini mit Duschinsky, Fischers, Thomas Mann und Frau
594 2614 3467 2733 und Wiegler. War ein sehr grosser Erfolg, bewonders für Fehling gewesen;
593 2712 3368 2835 und unter den Schauspielern scheint Heini am besten abgeschnitten zu
622 2844 3103 2960 haben. (Thomas Mann zu einem Vortrag hier, wohnt bei Fischers).
628 2964 3305 3104 Donnerstag 15. nach ungezählten telefonischen Gesprächen (Ses gibt
611 3062 3317 3241 hier keine falsche Verbindung) zu Heini; mit ihm ins Sanatorium zu
619 3211 3452 3389 Albert Steinrück; der sich viel besser befindet, und bald wieder filmt;
614 3347 3232 3516 medizinisches Gespräch mit dem Ehefaszt klugen und sympathischen
577 3523 3352 3640 Chefarzt. - Dann (mit Heini) zubFischere Mittagessen Thomas Mann und
569 3610 3300 3770 Frau; Otto Flake, ein Fräuleid Warburg und der Bräutigam der Tochter
589 3767 3397 3916 (noch vor wenigen Wochen Arzt, jetzt im Verlag S.F. (was xxx) man F
618 3883 1764 4030 früher Einheirat nannte) - -
574 4007 3346 4158 Den Nachmittag (d.h. etwa von 16-7) mit etwas Lektüre und kurzen ge-
581 4159 3374 4272 schäftlichen Karten (Post kam aus Wien nachgeschickt) verbracht; dann
600 4280 3317 4451 Staatstheater "Hugend" (wegen Fehling, Regisseur); gute Vorstellung;
3489 111 3641 309 232
