3686 4658
1916 343 2603 509 Wien, 12.11.1930.
487 300 1247 525 An A.S., Berlin.
468 611 874 799 Liebster,
888 742 3250 918 ich schreibe diese Zeilen noch im Bett, das ich seit Deiner
496 869 3292 1011 Abreise noch nicht verlassen habe. Ich habe mich gleich als ich heim-
499 1011 3248 1146 kam, niedergelegt und will mich einmal gründlich auskurieren. Gestern
492 1123 3383 1267 habe ich noch den ganzen Tag ein bisl gefiebert, nicht sehr beträchtlich
485 1270 2850 1398 (37.7), aber Schnupfen und Husten waren in schönster Blüte.
930 1409 3292 1549 Ich habe mir um ½11 Uhr Deine Novelle bei der Frieda holen
463 1545 3328 1684 lassen und um ¼ Uhr hatte ich ausgelesen. Ich glaube, dass sie stilis-
493 1661 3358 1759 tisch zu den Höhepunkten Deines Schaffens gehört, dass sie ausserordent-
504 1781 3205 1895 lich spannend ist und dass sie ein grosser Erfolg sein wird und ich
505 1925 3184 2038 freue mich, dass sie im jetzigen Zeitpunkt herauskommt. Eine kleine
531 2053 3294 2182 Ueberlegung oder richtiger ein Bedürfnis nach Motivierung lässt mich
522 2193 3260 2299 Dir nur vorschlagen, ob man nicht auf S.15 in Anknüpfung an den Fall
489 2340 3446 2435 Hohenburg erwähnen oder andeuten sollte, dass irgend ein Vorfahre der Brü-
495 2476 3302 2604 der nicht ganz normal war oder als nicht normal gegolten hat. Dies, um
492 2586 3383 2705 Roberts Spiel mit dem Wahn zu erleichtern oder vielleicht um die Stelle
492 2688 2526 2857 "wenn Einer von uns ins Dunkel muss" zu begründen.
884 2843 3253 3003 Ich mache diesen Vorschlag natürlich nur mit Rücksicht auf
504 2981 3282 3095 den Leser, denn für mich privat ist Robert weder verrückt noch verfol-
503 3103 3427 3234 gungswahnsinnig, noch hat er die krankhafte Anlage es zu werden. Für mich
496 3282 3357 3417 ist es keine Krankengeschichte, auch nicht, wenn sie von Maupassant wäre.
489 3435 3412 3556 Nervos, neurasthenisch mag Robert sein (geistig ist er ganz gesund), aber
499 3545 3423 3698 er spielt vor Andern und vor sich selbst den nicht ganz Normalen, um sich
492 3702 3331 3855 eine Ausnahmsstellung zu schaffen, nicht mit bürgerlichem Mass gemessen
575 3839 3291 3973 zu werden und eine Entschuldigung vor sich und Andern zu finden. -
930 3955 3310 4120 Mit demselben Recht wie er könnte auch der Held im "Mörder"
1611 4046 1885 4137 spielt
524 4099 3284 4260 sich für verrückt halten. Nur Robert so lange den geistig Gestörten,
3431 92 3511 237 11
