3743 4647
241 104 396 245 23
554 400 1040 589 vor jedem Zu
1271 445 2545 617 hinein und sehn mich doch danach.
551 549 701 720 27te
533 695 3530 864 Getsrn Abend sagte mir A. er sei so ermattet, dass er nicht meist liege,
537 804 606 922 et
556 887 3532 1013 er habe versucht um ½ 5 fortzugehen aber er sei gleich umgekehrt, fühle
536 997 3535 1181 sich am wolsten in der horizontalen Lage. Ich hatte aber zufällig um § 8
534 1111 3480 1294 angerufen und Minna mir gesagt, er sei nicht zu Hause und es sei unbe
530 1260 3525 1434 stimmt ob und wann er komme. Um 9 war er angeblich noch nicht da. Ich bat
521 1355 2133 1527 Minna nichts von meinem Anruf zu sagen.
522 1506 3535 1662 Den Vorschlag heute Vormittag mit mir spazieren zu gehen lehnte er wieder
512 1605 3599 1811 kurz ab, und kam dann plötzlich 10 Minuten vor I Uhr unangemeldet und gieng
527 1735 3564 1902 mit mir bis an das Ende der Strasse und zurück, wie um ein Pensum zu erle-
522 1883 3440 2070 digen. Erzählte mir, er werde demnächst allein auf den Semmering gehen,
507 2024 3486 2191 nur auf 2 Tage. Ich blieb unentwegt sehr freundlich. Aber wenn ich allein
508 2122 841 2303 bin.....
504 2306 3517 2446 28 ten Gestern Abend mit Beer-Hofmanns zum Nachtmal bei A. So ist es noch
505 2409 3522 2554 noch am Erträglichsten. Heute fühl ich mich grenzenlos elend. Von 6 Uhr an
504 2542 3520 2706 war das Telefon bei A. ausgeschaltet- Ich könnte diese Person abfangen sie
503 2667 2626 2835 stellen, aber ich tu es wegen A's Gesundheit nicht.
491 2798 3483 2967 Paul H. nach vielen Jahren in der Stadt getroffen. Er war ordentlich ergriff
507 2944 3507 3118 fen. Sagte: Noch eben so jung und süss wie immer." Ich weiss es ist nicht
505 3052 1337 3213 war aber es tut wol.
1726 3114 1955 3261 Donats
491 3167 3411 3367 29 ten. Abend meine Kinder und B zum Nachtmal, denen ich eine Revanche
494 3331 3420 3467 für meine Lebens-Rettung! schuldig bin. (dass ich nicht lache) A. kam
491 3449 3410 3636 auch, obwol ich ihm sagte, ich lade ihn nicht ein, es stehe ihm frei,
489 3595 3462 3750 und es bestehe gar keine Verpflichtung. Er machte einen sehr befangenen
487 3713 3166 3891 Eindruck sah aber viel besser aus, wenn auch noch schlecht genug.
475 3850 2123 4016 Heute trotz Kälte um 2 Uhr ein Gewitter.
482 3987 3401 4155 30ten - In der Nacht von Lolo H. geträumt. Ach wenn der noch lebte, der
479 4113 3558 4269 könnte mir helfen, der könnten auch richtig mit A. reden. Schlechtes Gespräch
470 4257 3396 4433 mit A. telefonisch, obwol nur im Ton. Es wurde nichts gesprochen, was
