3674 4694
537 344 1494 532 An A.S. nach Campiglio.
1801 333 3233 518 Schloss Neudorf,Samstag,20.8.1927.
1419 530 1735 677 (Karte)
1098 672 3157 821 Auf Deinen Brief vom 16, in dem Du mir unter anderm
541 821 3260 952 schreibst, dass Du jedenfalls den Sonntag Abend wieder in Bozen sein
536 951 3187 1082 dürftest, telegraphierte ich Dir, ob Du einverstanden bist, wenn ich
520 1066 3321 1245 Sonntag Abend eintreffe. Gestern Abend um 7 Uhr kam Deine telegraphi-
578 1216 3336 1333 sche Antwort, die telefonisch aufgenommen wurde und für Niemand ganz
533 1316 3418 1485 verständlich war. Aber so viel ist klar - dass Du mir wohl frei stellst
530 1464 3303 1619 Sonntag Abend dort einzutreffen, aber erst Montag Mittag vom Karersee
517 1601 3207 1760 zurückkommst.- Ich telegraphiere daher heute an das Hotel, dass ich
521 1716 3441 1855 Montag Abend eintreffe, da ich keineswegs Lust habe nach dieser mir ohne-
514 1864 3323 1997 hin unangenehmen Fahrt noch unerwartet anzukommen und in B. bis näch-
530 1997 3240 2156 sten Mittag allein zu sein. Liegt hier ein Missverständnis vor, dann
517 2095 3289 2224 umso bedauerlicher. Und es gibt nur meiner Auffassung Recht, dass man
520 2213 3304 2418 sich nicht ohne zwingende Gründe in solche Situationen begeben soll.-
515 2365 3234 2517 Meine Stimmung, die ich mit vielem guten Willen etwas hinaufmontiert
513 2502 3358 2652 hatte, ist tief gesunken und ich gehe auch auf diese Reise mit sehr ge-
500 2636 3195 2801 mischten Empfindungen. - Ich hoffe, Du hast inzwischen weiter schöne
501 2753 1328 2924 und ungetrübte Tage!
1288 2882 2551 3036 Umarmung und herzliche Grüsse.
1880 3039 2332 3168 Deine C.K.
3498 117 3605 235 44
