3702 4666
1749 293 3123 466 St. Moritz, 22.1.1925.Privat-Hotel.
627 330 1005 484 Liebste,
643 424 3382 568 Meine Karten, in denen ich Dir flüchtig von meinen Indisposition und
600 586 3343 688 meiner Vorlesung berichtete, hast Du hoffentlich erhalten. Am Montag
602 700 3250 820 Früh stand es so mit mir, dass ich Herrn Bodmer (der übrigens auch
645 842 3455 1007 nicht wohl war) auf die Möglichkeit eine Absage vorbereitete; aber zu
600 976 3343 1110 Mittag war ich entschlossen jedesfalls zu lesen - einerseits um den
637 1077 3341 1233 Leuten keine Ungelegenheiten zu verursachen,andererseits um nicht
654 1249 3457 1389 700 (oder, wie sich dann bei der Abrechnung herausstellte 1000) Francs
604 1380 3379 1491 zu verlieren. Ich verbrachte den Tag beinahe durchaus im Hotelzimmer
593 1484 3287 1648 (zu mittag hatte ich unten mit Herrn Steiner und dem zufällig hier
729 1633 3355 1754 nwesenden Herrn Ackonas gegessen;) abends holte mich Herr Steiner.
687 1749 3268 1904 oder erwartete mich in der Tonhalle - und war ziemlich entsetzt
549 1883 3405 2011 über meine Stimme. Ich war trotzden guten Mutes (es ist ja die letzte
654 2025 3436 2156 Vorlesung dachte; - und morgen darf ich heißer sein so viel ich will -
598 2169 3295 2306 trat kühn vor den ausverkauften Saal und sag/e: Ich werde Tagebuch
647 2275 3256 2415 der Redegonda und Letzte Masken lesen, - dann mach ich eine kleine
639 2419 3294 2527 Pause; - und was ich nachher lese hängt von meinem Befinden ab, denn
718 2549 3366 2692 eine verehrten Damen und Herrn, wie Sie merken... etc. etc. - Die Re-
643 2674 3358 2804 degonda ging leidlich, jedenfalls verstand man mich gut - die Letz-
584 2805 3302 2938 ten Masken recht gut; und so durft ich auch der Pause den Grossen
645 2935 3381 3040 Wurstl riskieren - zu dessen Schluss ich eine fast reine, klangvolle
635 3061 3286 3192 Stimme durch den Saal schallen liess. - Nachher allerdings war ich
595 3229 3363 3341 etwas müd, und im Hotel Gotthard benahm ich mich nicht übermässig ge-
634 3316 3426 3436 schwätzig. Dr. Bodmer war da, Faesi und Frau und Herbert Steiner, ferner
629 3472 3408 3624 Dr. Paul Schaffner aus Winterthur, - nochmals zu einer Vorlesung dort
570 3611 3348 3745 eventuell auf der Rückreise einzuladen. (Nach W. will man mich immer
568 3743 3318 3863 mit der Versicherung locken, dort wohnten so reiche Leute - als wenn
578 3848 3318 3985 ich mit dem Teller absammeln ginge. Dabei wollen sie nur 300 Francs
562 3962 3393 4144 Honorar zahlen wie in Luzern; wo ein Foratinspektor Burru als Praeses
582 4121 3318 4276 des "Vereins gleichgesinnten) als Lockvogel Jungiert). - Während des
575 4253 3244 4409 Nachtmahls liess ich telefonisch in St. Moritz anfragen, ob ich das
3441 121 3608 260 121
