3786 4630
1422 128 2087 375 Sagetuet
624 312 1282 467 Tgb. 21.9.1929.
604 526 3551 664 einenen benützt. Jause bei Gerstner, dann Kino "Die wunderbare Lüge der
626 636 1917 796 Nina Petrowna“,brillanter Film.
632 823 3398 952 22.9. Vormittag Besuch von Martha Petter mit Bräutigam, auch Otto und
638 959 3515 1091 Wolfi einen Augenblick. Martha ist mir lieber als der Bräutigam. Mittag
619 1093 3504 1230 bei Anna zu Tisch. Maria von ihrem Urlaub zurück, Felix und später Rudi.
623 1209 3400 1379 Mit Anna und Maria in einem peinlichen sexualfilm. Jetzt sehr einsam
630 1376 3503 1506 zu Hause. Meine Hausfrau seit 2 Tagen verreist, das Mädchen Sonntagsaus-
645 1481 1828 1640 gang. Es ist etwas unheimlich.
632 1613 3490 1786 Und morgen kommt A.! Gott gebe uns gute frohe Zeiten und einen schönen
630 1761 3359 1920 glücklichen Winter. Ich will A. morgen mit frehem Herzen begrüssen.
635 1936 3571 2093 23.9. Was nützen alle Vorsätze? Es ist doch nicht, wie es war und wird nie
625 2086 3520 2215 mehr so werden. Er war schon Sonntag in Franzensbad, hat im selben Hotel
616 2236 3441 2351 mit O gewohnt, findet sie besser aussehend als vor der Operation, auch
631 2328 3548 2487 seelisch ruhiger und ausgeglichener "vernünftiger". Eingedämmte Verstim-
617 2485 1597 2623 mung von beiden Seiten.
621 2634 3472 2859 24.9. Im Kino. Wiel herzliche Freundlichkeit aber nicht mehr. Langwei-
633 2779 2711 2966 liger Tonfilm "Weisse Schatten". Nachtmahl "Linde".
618 3014 3491 3153 25.9. Kino Tonfilm "Der singende Narr". In guter Stimmung, herzlich, aber
616 3129 3515 3303 von jenen Wochen neilenweit entfernt. Vielleicht meine Schuld - aber ich
618 3244 1391 3382 kann nicht anders.
622 3424 3614 3572 26.9. Abend bei A. Versuchte Ausprache, stürmische Unarmung und wieder Ver-
628 3565 3524 3716 stimmung. Es ist ein Riss in allem, der vielleicht von meinem Wesen aus-
658 3705 3457 3857 geht, aber ich kann nicht anders. Ich fühle genau, dass er zu ihm wie-
624 3821 3434 3956 der besser steht, wenn er auch immer die völlige Harmlosigkeit betont.
626 3964 3503 4095 Warum hat er nicht so viel Takt nicht in einem Hotel mit ihr zu wohnen,
623 4082 3433 4218 sich an ihr Bett zu setzen? Muas das sein, wenn man nur das Bedürfnis
652 4226 3352 4404 hat jemanden fallweise zu sprechen? Bin ich nichtso viel Rücksicht
