3770 4719
2497 166 3315 334 13.5.1926. Bl.2.
812 379 3365 525 Heini mit mir ins Hotel, blieb bis zur Theaterzeit bei mir; ich
819 518 3437 626 legte mich mit Thermophor zu Bett: Durchsicht der nachgesandten
815 665 3433 777 Korrespondenz, die nichts von Bedeutung enthielt (ausser
835 774 3567 906 einem schönen Brief von Brandes über "Weiher"). - Gestern Vormittag
822 928 3409 1053 mit Dora Spaziergang im Thiergarten; - dann die Kinder und O. im
819 1052 3399 1157 Hotel; nach dem Essen Herr Adolf Lantz (uralter Bekannter, jetzt
822 1151 3521 1276 in der Filmbranche. Ich erzählte Dir von ihm; - lange geschäftliche
821 1319 3405 1475 Gespräche; er in steter Verbindung mit Conrad Veit, der dringend
828 1451 3398 1559 Manuscripte sucht (übrigens während unserer Abwesenheit in Wien
832 1594 3390 1712 und seiner dortigen Anwesenheit bei mir anrief). Ich hatte eben
830 1693 3272 1805 Nachricht erhalten, dass das Manuscript der Grossen Szene aus
826 1828 3302 1954 Amerika zurückgelangt sei; - ich telegraphierte auch gleich an
832 1938 3389 2090 Frieda Pollak es hieherzusenden; - Lantz versprach mir, dass Veit
827 2090 3360 2215 innerhalb 24 Stunden das Manuscript lesen und sich entscheiden
825 2235 3439 2344 werde. Und Du weisst ja, wie verlässlich Filmleute sind. Immerhin
1584 2316 1716 2400 à la
816 2365 2718 2478 soll diese Chance unversucht gelassen werden.
815 2519 3531 2634 Abend war ich mit Lily bei Herodes und Marianne; Heini spielte den
823 2603 3363 2736 römischen Boten, eine kleine Rolle sehr gut. Nachher spedierten
819 2757 3460 2899 wir Lily nach Hause und ich nachtmahlte mit Heini (der einen neu-
818 2884 3426 3036 en Vertrag mit gesteigerter Gage hat) - Barnowsky (der Heini ges-
821 3016 3297 3118 tern zufällig traf) wird mich anrufen (ich melde mich nicht).
868 3097 1104 3178 Iorgen
809 3158 3420 3295 Fischer und Feilchenfeld. - Heute Mittag bei Dora. Abadd
822 3275 3423 3400 mit July "Medea" (nicht Grillparzer) sondern von J.... mit Heini
837 3415 3381 3539 in einer grösseren Rolle (in der er erheblichen Erfolg hatte). -
816 3540 3309 3660 Dass der 15. gerade in meinen hiesigen Aufenthalt fällt,trifft
819 3664 3441 3795 sich natürlich ganz zufällig; - hätt ich nicht die Pjätze auf dem
799 3859 3423 3951 Delfino bekommen, - so hätte ich mit einem Holländer-Schiff fahren
810 4002 3377 4104 müssen und wäre am 15. gerade in Amsterdam angekommen. Möchtest
801 4120 3503 4259 Du nicht übrigens, Liebes, endgiltig diese in jedem Sinne kindlichen
3491 116 3645 287 296
