3783 4726
2453 254 3165 421 30.12.1928. Bl.2.
776 466 3377 629 schers, wo auch Viki und Mimi, sowie Barnowsky mit Frau; später kam
693 604 3456 741 auch das 2jährige höchst anmutige Töchterchen des jungen Paares. So
675 701 3424 843 Fischers von grosser Herzlichkeit. - Einigesgeschäftliche, das morgen
683 830 3445 981 im Bureau weiter behandelt werden soll. Die Herausgabe der Erzählen-
721 973 3502 1142 den Schriften geht sehr schlecht.- Elisabeth B., die auch xxxkommen
2930 967 3161 1048 hätte
756 1137 3441 1244 ollen, lag angeblich mit einer Grippe zu Bett - wollte mir telefonie-
817 1245 3330 1396 en, was ihr aber bisher nicht gelungen ist. - Um 1/2 erst zuhause,
721 1392 3515 1530 ein wenig geruht - und nun wie Du schon bemerkt haben dürftest schrei-
694 1501 3453 1674 be ich Dir und danke Dir sehr für Deinen Brief, der bald nach unserem
663 1656 3281 1774 Telefongespräch eintraf. Deine Schilderung des Milieus bei Alma
676 1766 3361 1934 zutreffend, nicht ganz ohne ein bisschen Bosheit. Erfreulich, dass xxx
665 1930 3356 2036 Werfel Deinen Gedichten Verständnis und Sympathien entgegenbringt;
717 2054 3499 2220 und wie es scheint dieselben am schönnten findet, die auch meine Lieb-
665 2193 3368 2325 linge sind.-Ende dieser Woche, mein Liebes, werde ich noch nicht in
673 2316 3270 2462 Wien sein. Arnoldo reist am 2.ab,- am 4.öst die Oedipus-Première;
666 2408 3306 2564 ich sehe mir das Stück natürlich erst am Tag darauf an; erst nach
652 2556 3281 2710 der Première hat Heini mehr Zeit, und so denk ich Montag nächste
665 2680 3261 2829 Woche,am 7.von hier abzureisen. - Mein Befinden ist diesmal ganz
667 2826 1664 2948 gut, -möge es so bleiben.
665 2941 3483 3107 Wünsche fürs nächste Jahr auszusprechen - versag ich mir. Sie gehen an
661 3070 3515 3232 eine Instanz, die sich nicht im geringsten um uns kümmert. Was uns Beide
659 3213 3304 3361 anbelangt, so fühlst Du was Du mir bist und sollst es immer fühlen
667 3341 3382 3504 und wissen. Ich hoffe, Du wirst die Tage, die ich Dir noch fern bin, in
644 3471 3428 3635 Ruhe bei einiger Arbeit bei gutem Befinden und gelegentlich in ange-
661 3606 3494 3783 nehmer Gesellschaft verbringen und immer empfinden, wie nah und zugehö-
690 3737 3448 3891 rig ich Dir bin. Für heut noch einen zärtlichen Kuss und alles Innige
626 3849 2336 4010 und Gute im tiefsten Deingedenken.Dein A.
1806 3976 2061 4119 -- — — —
3561 94 3672 262 177
