3787 4698
1926 306 2508 427 21. April1926.
1923 394 2803 490 Südlich von Sardinien
1894 449 2839 607 (auf Martha Washington)
2035 568 2529 711 (nach Wien)
744 724 3401 846 Liebste, heute sind wir den ganzen Tag in Fahrt. Eben verschwindet
747 861 3384 1005 Sardinien und am 24.Samstag Früh sollen wir in Lissabon ankommen.
749 955 3437 1109 Heute Nacht war es recht stürmisch, was mich im Schlafen wenig hin-
751 1102 3525 1267 derte, nun ist es sonnig, aber kühl, um nicht zu sagen kalt. Und Neapel
745 1229 3440 1353 war nun leider ganz verregnet. So mussten wir auf Pompeji verzich-
750 1362 3428 1493 ten und begnügten uns mit einer Spazierfahrt im offenen Einspänner
746 1488 3431 1644 in einer der kurzen Stunden, da es zu regnen aufhörte,froren erheb-
749 1626 3434 1744 lich, und besichtigten das Aquarium. Auch Nachmittag spazierten wir
747 1745 3281 1865 in die Stadt und assen in der Galerie Umberto Eis. Das Schiff
746 1896 3348 2025 wirkt schon ganz heimatlich und ich erhebe es hiemit vom zweiten
755 2022 3385 2171 feierlich in den ersten Rang. Diesen Brief schreibe ich in meiner
743 2162 3462 2292 Kajüte; es ist mir gelungen ein kleines Tischchen hereinzubekommen,
739 2313 3346 2430 die übrige Zeit verbring ich natürlich im Freien! auf dem Liege-
754 2407 3343 2568 stuhl vor meiner Kajüte; - um das Promenadendeck wandelnd, - in der
751 2547 3347 2700 Glasterrasse, auf dem obersten Deck zwischen den Rettungsbooten; -
724 2680 3426 2774 mit Lili oder allein, - mit den verschiedenen Officieren plaudernd; -
733 2835 3421 2973 so war ich heute in der Radibstation und habe während der Telegra-
731 2963 3343 3079 phist einen kleinen Hebel dreht, Rom, Paris, Amerika gehört - nicht
731 3054 3423 3209 Worte, - aber Zeichen, die mir der Telegraphist sofort in Worte über-
740 3202 3480 3349 setzte; - es waren lauter Börsentelegramme, die er auffing.- Von mei-
722 3342 3416 3469 nen Manuscripten habe ich noch keines angesehn; ich lese einen Ro-
721 3450 3177 3611 man von Wells Geschichte einer Ehe, und die Heine-Gespräche.-
717 3597 3349 3758 Die Passagiere sind ziemlich indifferent; flüchtig bekannt wurde
734 3732 3384 3851 ich mit dem einzigen äusser uns an Bord befindlichen Wiener, einem
716 3839 3438 3977 Sectionsrath und jetzigen Direktor bei Schein, namens Hornung. Sonst
719 3993 3439 4142 fast lauter Amerikaner (auf der Rückreise nach New York) und eini-
725 4118 3370 4286 ge Griechen. Kein Deutscher. Die Schiffleute, vom Capitän angefan-
3537 41 3592 89 C.
3507 86 3650 283 72
