3690 4670
2431 410 2796 549 14.8.25.
526 596 3419 740 sich bald geben. Nimm doch ein paar Tage Tierkohle, drei Messerspitzen
542 759 2983 900 im Tag. Ich halte es für das beste Mittel in solchen Fällen.
1064 873 3370 992 Ich kann mir gar nicht vorstellen, was für unerdrückliche
549 992 3290 1131 Gespräche finanzieller Art Ihr noch haben könnt, wo doch diese Frage
565 1123 3320 1306 so weitgehend geordnet war. War wirklich gar nicht von mir die Rede?
552 1276 2708 1395 Cary weiss natürlich, dass ich mit Dir zusammentreffe.
1079 1403 3377 1532 Gott, wenn ich denke, dass ich Dein liebes Gesicht in ein
557 1538 2916 1679 paar Tagen wiedersehe, so freue ich mich schon schrecklich.
1066 1669 3321 1789 Leider kein Brief von Dir! Wahrscheinlich erst Abend.
567 1802 3268 1947 Ich schicke diesen aber doch gleich nach Bozen ab, damit Du ihn im
567 1930 3343 2033 Laurin vorfindest. Ich bin schon so neuginig, was für ein Programm Du
561 2052 3416 2219 machen wirst. Mich ärgert nur, dass mir das Visum vielleicht Schererei-
573 2197 3345 2339 en machen wird. Ich weiss ja nicht, ob Du überhaupt magst, dass ich in
543 2337 3241 2484 die Schweiz hinüberkomme, aber jedesfalls erkundige Dich gleich im Hotel
558 2461 3262 2584 sos und im Verkehrsbüreau E.N.I.T., Corso Vittorio Emanuel über die
567 2585 3365 2750 diezbezüglichen Möglichkeiten. Wenn notwendig, verständige mich gleich
576 2701 3335 2841 telegrafisch oder telefonisch und ich sende meinen Pass express-re-
567 2840 3179 2973 kommandiert an Dich ab.
559 2960 3218 3092 Keinesfalls dürfen Dir durch mich irgendwelche Unannehmlichkeiten
561 3112 3426 3211 erwachsen. Lieber bleibe ich zurück und erwarte Dich in Tirol. Aber ich
580 3232 3345 3375 will mir vorläufig nicht den nopf zerbrechen, denn Du wirst schon das
603 3356 2571 3490 Richtige finden oder wir besprechen es mündlich.
1085 3487 3179 3634 Wenn Du mich telefonisch sprechen willst, so bin ich
578 3645 3382 3769 jedenfalls von 1–5 und abends von ½8–10 erreichbar. Das ist aber keine
577 3763 3385 3870 Aufforderung mich anzurufen - (ich weiss, dass solche Gespräche enner¬
582 3894 3347 4033 vant sind) ich gebe nur die Zeit an, für den Fall Du mich aus irgend
581 4018 3328 4129 einem Grund dringend sprechen wolltest. Ich bin ja wahrscheinlich den
579 4172 3216 4307 ganzen Tag hier oder im Park, aber vielleicht fahre ich zwischen 5
551 4283 2894 4390 und 18 zum Tee nach Torbole hinüber oder gehe spazieren.-
