2793 3358
1226 238 1501 429 4.
1615 296 2136 413 XO. VII. 97.
292 449 2409 627 Hier istables im Alten, was mein Leben im Haus anbe-
295 598 2333 742 langt. Ich schlaf sehr viel und arbeite wenig. Ich
289 750 2252 889 hab nämlich jetzt eine grosse Idee, die aber nur
292 859 2447 1042 viel zu denken, noch nichts zum Schreiben gibt. Sonst
292 1000 2299 1162 übersetz ich und lese auch viel. Der schreckliche
287 1149 2452 1306 Leutnant ist fort, mein Onkel jammert über Langeweile
273 1273 2371 1435 das elende Wetter, geht in Filzpantoffeln herum und
305 1410 2384 1548 denkt nur ans Essen, bei Tisch steckt er das Messer
278 1535 2432 1713 in den Mund! Er ist aber eigentlich ein guter, harm-
271 1671 2407 1831 loser Kerl und man kann nicht ernstlich böse auf ihn
271 1819 2472 1920 werden. Papa mopst sich auch, klagt über Schlaflosigke
263 1923 2361 2074 keit und Mama ist verstimmt, weil die Herren so la-
261 2062 692 2177 mentieren.
256 2159 2388 2294 Jene Angelegenheit ist erledigt. Als man mir die nä-
259 2298 2306 2441 heren Umstände erklärte, sagte ich gleich, dass es
260 2463 2382 2601 mir nicht passt und die Eltern redeten mir in keiner
269 2553 2358 2719 diese zu. Dagegen habe ich hier zufällig durch Prof.
254 2705 2374 2870 Singer einen sehr liebenswürdigen jungen Mann kennen
246 2819 2371 2999 gelernt, einen Budapester, der mir ein wenig den Hof
250 2979 2404 3111 macht, er ist nicht Euer Genre, gar nicht interessant
256 3119 2326 3261 aber er hat so was liebenswürdig Lebenslustiges aus
2502 110 2680 319 4/23
