3686 4694
3208 253 3304 405 2
2823 361 3197 492 16.8.27.
588 573 3410 694 Roman in der Presse erscheint, eventuell auch die Géraldy-Gedichte. Am
595 676 3434 797 wichtigsten wäre, dass ich arbeiten könnte. Aber ich bin mir ganz klar,
591 815 3438 954 dass nicht die äusseren Umstände an meiner derzeitigen Unfähigkeit
595 955 3478 1071 Schuld sind. Sie sind nur eine Ausrede vor mir selbst, wenn ich mich vo-
594 1050 1674 1220 rübergehend täuschen will.
1148 1191 3440 1346 Ausser Deiner Karte vom 13. Vormittag ist nichts gekommen
559 1347 3442 1479 und ich bin so klug wie zuvor. Eine Verständigung auf diese Entfernung
592 1476 3276 1634 ist eben zu schwierig und ich weiss, dass ich mich nie mehr in eine
585 1590 3268 1751 Situation bringen lasse. Sie ist enervamt und sinnlos und ich kann
588 1757 3225 1883 nicht behaupten, dass ich sie nicht vorhergesehen hätte. Der Regen
595 1869 3406 2002 sieht übrigens nach Endlosigkeit aus und wirkt deprimierend. Ich gehe
575 1941 2585 2110 Orgel spielen, um auf bessere Gedanken zu kommen.-
1175 2119 3274 2254 Du bist wohl heute bei Fischers in Klobenstein. Ich
576 2263 3427 2404 hoffe Du hast in Bozen wenigstens einen meiner Briefe vorgefunden. Dies
589 2381 3318 2539 ist der 3.ausser meiner Ankunftskarte. Grüsse Herrn Steffenelli von
567 2510 788 2632 mir.
1153 2636 2155 2783 Dich umarmt innig Deine
1562 2786 1774 2888 C.K.
3497 107 3587 249 36
