3702 4694
3390 115 3552 275 140
636 295 1510 457 An A.S. nach Berlin.
2103 273 3274 506 Wien, 14.3.1925.Hotel Regina.
645 496 1188 633 Mein Liebes,
1147 600 3365 753 ich habe momentan grosse Lust Dir zu schreiben und sehe
660 775 3387 923 nicht ein, warum ich meinen Gefühlen in dieser Richtung Zwang aufer-
663 924 3266 1056 legen soll. Ein trister Tag geht seinem Ende entgegen. Vormittag
665 1047 3345 1179 war ich xxx kurze Zeit in der Stadt. Meine vielen Packerln mit Le-
650 1157 3344 1315 bensmitteln, Fleisch, Butter, Kartoffeln, Gebäck und ein kalter graus-
660 1291 3379 1440 licher Wind trieben mich bald nach Hause. Ich machte noch vor Tisch
655 1426 3302 1592 ein paar Ergänzungen auf der letzten Seite des Entwurfs der neuen
651 1576 3435 1726 Novelle, wodurch das, worauf es mir ankommt, deutlicher wird. Ich werde
649 1710 3594 1824 Dir die Abschrift einsenden, damit Du mir Deine Ansicht darüber schreibst,
657 1839 3289 1944 Ich möchte an diesem Schluss überhaupt nicht mehr viel ändern, nur
665 1951 3338 2092 ein paar lokale Beschreibungen der Landschaft und des Brandes ein-
694 2091 3330 2216 fügen. Ich habe übrigens mit dem eigentlichen Schreiben auch schon
693 2243 3424 2369 begonnen und möchte den Ton und Stil des Schlusses durcht die ganze
642 2344 3420 2514 Erzählung festhalten. Mittag habe ich wieder gekocht, abgewaschen und
652 2449 3350 2650 ich finde wirklich (ohne zu grosse Ueberneblichkeit), meine schönen
647 2613 3250 2761 Hände wären anderer Tätigkeiten oder Verwendungen wert. Manchmal
650 2765 3413 2892 graust mir schon vor dieser Lebensweise. Von 1/3-4 habe ich geschla-
658 2860 3374 3051 fen, sogar sehr gut geschlafen, dann kleidete ich mich um und brachte
633 2983 1597 3150 in ein Zimmer in Ordnung.
1126 3116 3261 3279 Du sitzt jetzt wohl ½8 Uhr im Theater. Ich bin schon
733 3265 3318 3392 eine neugierig auf Deinen Bericht, Reise, Wiedersehen mit Heini, Dei-
640 3393 3273 3556 ne Eindrücke etc. Ich bitte Dich lasse nur keinen Menschen zu Dir
687 3523 3363 3707 ins Hotel; Interviewer oder Leute, die Dich sprechen wollen und die
634 3612 3397 3841 Du nicht genau kennst. Alleskann ein Vorwand sein, um sich Dir zu nä-
631 3794 3332 3921 hern und äusserste Vorsicht scheint mir in der jetzigen Zeit gebo-
636 3909 2908 4078 ten. Lass Dich auch nirgends von Unbekannten ansprechen.
1069 4060 3204 4219 Jetzt werde ich mich in den eidzigen Lehnstuhl meines
617 4209 3330 4356 Lennstuhls und in die "Epistola" versenken, die Frieda für mich ab-
680 4328 3404 4492 gegeben hat.-Ich sage Dir für heute Gute Nacht und gebe Dir mit ge-
627 4431 2515 4559 schlossenen Augen einen warmen Kuss.Deine C.K.
