3674 4694
2264 323 2927 453 Schloss Neudorf
592 388 1361 530 An A.S., Campiglio.
2238 398 3257 541 Donnerstag x 18.8.1927.
630 593 1171 754 Mein Liebes,
1115 733 3340 883 heute kam Dein zweiter Brief, der vom 16. und ich lasse
602 882 3373 1001 meinen gestrigen in recht deprimierter Stimmung geschriebenen Zeilen
590 1004 3412 1125 rasch andere folgen. Ich habe endlich in Erfahrung gebracht, dass doch
610 1120 3414 1243 ein Zug von Wildon um 3/4 8 nach Graz geht, was immerhin ein Aufstehen
605 1280 3391 1409 vor 6 Uhr bedeutet. Wenn das Auto nicht zu haben sein sollte, so werde
608 1381 3331 1505 ich diesen Zug benützen, um keinesfalls durch eine Stellungnahme, die
605 1508 3361 1656 als Eigensinn aufgefasst werden könnte, Missstimmungen oder Konflikte
2963 1612 3387 1684 unleidlich
596 1667 3510 1807 zu erzeugen. Die Wahrheit ist, dass ich mich hier durch die xxx
587 1783 3402 1957 hygienischen Verhältnisse physisch wenig wohl fühle. Wir wollen heute
579 1909 3283 2019 Nachmittag per Wagen nach Wildon fahren, um dort Genaueres über die
596 2033 3440 2176 Verbindung Graz-Bozen zu hören. Sollte eine direkte Schnellzugsverbin-
581 2152 3315 2319 dung existieren, so dass tatsächlich der Sonntagsverkehr keine Rolle
601 2270 3393 2394 spielt, so reise ich Sonntag und würde Dir gleich in diesem Sinn tele-
592 2429 3469 2557 graphieren. Mein gestern in St. Georgen aufgegebener Brief und Telegramm
594 2554 3397 2697 wären dadurch erledigt und ich würde Deine telegraphische Antwort ab-
581 2680 3327 2830 warten, da ich erst dann das Auto fest bestellen kann. Telegraphiere
571 2800 2474 2965 ich nicht mehr, so bleibt es bei Montag Abend.
1143 2944 3355 3079 Ich freue mich, dass Du Dich trotz der Hotelkalamitäten
581 3088 3215 3230 in Madonna wohl zu fühlen scheinst. Es ist mir unbegreiflich, dass
1173 3164 1332 3254 loch
567 3196 3205 3346 Heini, der Dich kennt, Dich gerade dorthin berufen hat und ich
578 3341 3017 3447 hoffe nur, dass Deine Magenverstimmung wieder übertaucht ist.
1140 3467 3373 3594 Wenig freut es mich, dass Du über meine Empfindungen und
565 3614 3306 3757 Auffassung der Situation mit 0. gesprochen hast. Wie wenig kann sie
574 3732 3260 3846 wissen und verstehen, was in mir vorgeht, da Du es so wenig vermagst
565 3872 3405 4027 und wozu ist es gut, dass sie um Verstimmungen zwischen uns weiss. Aber
571 3995 3551 4152 diese Dinge schriftlich zu erörtern hat schon gar keinen Sinn. Vielleicht
567 4092 2643 4293 sprechen wir darüber in einer guten ruhigen Stunde.
1125 4267 3455 4434 Hier vergehen die Tage in einer stillen Gleichmässigkeit.
3494 112 3586 259 42
