2794 3362
1931 268 2265 375 2.8.26.
347 413 2547 521 In anderer-vielleicht. Ich hoffe, dass Du Dich trotz des
351 536 1859 643 alenden Wetters erholst und ausruhst.
346 649 2483 795 Heute Fruh rief mich Byck nochmals vor seiner Abreise
347 805 2481 908 nach Karlsbad an,um zu fragen, wohin er mir schreiben
358 921 2542 1052 kann. Ich sagte vorläufig an die Wiener Adresse, es wird
351 1060 2541 1174 mir schon nachgeschickt. Ich glaube, da brauchte ich nur
351 1193 2532 1306 den kleinen Finger zu rühren, aber ich rünre ihn nicht.
1073 1293 1276 1366 einen
358 1345 2547 1435 Gestern bekam ich einen Brief von Dint.Feilchenfeld aus
356 1451 2557 1557 Sasssee (Schweiz) als Antwort auf meine Anfrage. Er rät
362 1578 2405 1685 mir meine Berliner Effekten zu verkaufen,da, wie er
357 1718 2529 1830 schreibt, die Zeiten vorüber sind, um Beträge, mit denen
353 1848 2354 1965 man rechnet, spekulativ anzulegen. Es sei auch eine
369 1990 2606 2089 schlechte Verzinsung. Ich gab der Bank daher gleich Ver-
368 2122 2521 2223 kauforder und limitierte meine Effekten. Du siehst, wie
357 2262 2524 2385 vielseitig ich beschäftigt bin. Heute muss ich noch an
353 2375 2438 2489 Magda,Carlys Braut, schreiben und im Bett kommt dann
345 2492 2467 2608 noch der Roman an die Reihe. - Für heute sage ich Dir
373 2641 2643 2759 gute Nacht, mein Liebes, der Kopf tut mir zu weh. Ich küsse
363 2778 1480 2910 Dich tausendmal. Deine C.K.
2500 121 2677 317 320
