3754 4670
2394 219 3152 379 11.8.1925. Bl.2
576 419 3259 582 befinde mich aber sonst wohl. - Eben kommt Dein Brief xxx Nr. V, vom
585 565 3427 740 Sonntag; - mit Bericht über Torbole - das Hotel scheint also, abgesehen
601 741 3257 870 von Julian besser zu sein als sein Ruf. Das schweizer Visum, wenns
590 843 3421 965 vielleicht auch überflüssig sein wird, kann ja keineswegs schaden. Ich
606 990 3290 1131 habe in diesen Augenblick buchstäblich noch keine Ahnung, wofür ich
591 1113 3362 1242 mich entscheiden werde.- Da Dir das Torbole-Hotel besser zu gefallen
602 1248 3405 1395 scheint als das in Riva, - möchtest Du nicht vielleicht, wenn Carly fort
601 1362 1616 1510 ist, dorthin übersiedeln!
583 1510 3330 1651 Liebste, ich schliesse diesen Brief, man schwört mir, dass er, wenn ich
587 1598 2657 1763 ihn im Bureau abgebe, morgen Früh in Riva sein wird.
585 1730 3385 1892 Ich küsse Dich tausendmal, mein Liebes; - denk in gleicher Art an mich
594 1861 1949 2043 wie ich an Dich.- Lebwohl.Dein A.
1693 2009 1940 2146 - - -
