3742 4674
2534 322 3194 481 Bl. 2. 30.7.1923.
617 456 3467 655 Samstag ist so ein unangenehmer Reisetag. Und dann könntest Du Samstag
620 549 3432 769 in Salzburg sein, Sonntag Früh fortfahren und eigentlich Sonnntag Abend
611 721 3309 889 in Baden-Baden eintreffen. Von Freitag Nachmittag bis Samstag spät
615 828 3497 1016 Abend Romain Rolland ist doch genug.- Ich sage Dir übrigens ganz leise,
604 960 3301 1167 dass ich nichts von ihm gelesen habe. Bitte verachte mich nicht zu
607 1101 843 1200 sehr.
571 1222 3252 1424 Dagegen habe ich jetzt mit "einiger" Abneigung Ulrike Woytich von
596 1330 3478 1558 Wassermann gelesen. Meine bisherigen Impressionen wurden nur verstärkt.
584 1486 3321 1660 Alle seine Bücher sind unsauber, seine Menschen alle Hochstapler und
587 1611 3432 1774 man fühlt, dass er selbst auch aus irgend solchen Tiefen kommt. Reichtum
580 1764 3261 1926 und Luxembourg blenden ihn selbst, nicht nur die Figuren, die er schafft.
571 1878 3419 2055 Dass es mit Deiner Arbeit gut geht, freut mich mehr als ich sagen kann.
573 1966 3183 2144 Ich kann überhaupt heute nicht so viel sagen, als ich möcht - - -
610 2133 3289 2330 Irgendetwas in Deinen letzten Zeilen - oder richtiger, - was nicht
566 2259 3385 2429 in ihnen stand, schnürt mir ein bischen die Kehle zu. Du weisst ja, wie
1631 2369 1807 2456 noch
566 2384 3314 2563 ich bin und wenn Du es auch nicht ganz genau weisst. Gott sei Dank!
553 2523 3253 2705 Und wenn ich nicht rechtzeitig Deine Salzburger Adresse weiss, dann
1956 2647 2279 2739 von mir
537 2658 3272 2852 sind es wohl die letzten Nachrichten, ehe wir uns wiedersehen. Möge
549 2751 3222 2963 es ein gutes froges Wiedersehen werden. Alles Liebe auf die Fahrt.
532 2906 1199 3050 Von HerzenDeine
1493 3047 2177 3225 Clara Katharina.
3469 110 3602 284 45
