3686 4662
2909 278 3333 428 3.1.1930.
642 508 3415 651 aufgestanden ist und dass sie an Dich geschrieben haben, um uns Beide
644 635 3249 743 für Mittwoch Abend einzuladen. Ich sagte, ich weiss nicht sicher,
646 776 3377 902 ob Du am Mittwoch zurück bist, aber ich hoffe es. Jedenfalls besuche
640 880 2371 1016 ich Alma morgen Vormittag für eine Stunde.
1172 1027 3403 1173 3. Heute Mittags war ich im Volkstheater bei Dr.Furegg.
633 1157 3315 1259 Direkt or Beer, den ich vorgestern telefonisch sprach, hatte mich ei-
638 1279 3435 1401 gentlich für gestern Abend bestellt. Als ich zur Vorsicht noch vorher
649 1409 3324 1559 anrief, hörte ich, dass er zu einer Sitzung muss, was mir gleich ver-
646 1558 3349 1696 dächtig vorkam und ich vereinbarte gleich mit Dr.Furegg, dass ich zu
648 1661 3312 1801 ihm komme. Von diesem erfuhr ich, dass Prof. Glücksmann dem Direktor
679 1811 3406 1922 Beer gesagt hat, das Stück sei ungeeignet (der falsche Hund) und er -
684 1929 2835 2079 Furegg - fürchte, dass die Sache dadurch verpatzt sei.
1153 2048 3234 2167 Ich sagte ihm, ich habe leider verspätet gehört, dass
2876 2152 3089 2240 Fevres
637 2205 3312 2343 Prof.G. gar keinen Einfluss auf den Direktor hat und er einen sehr
638 2327 3317 2457 grossen. Er widersprach mir nicht und lächelte, aber er meinte, eine
644 2453 3476 2605 abfällige Bemerkung schade immer, wo auch eine beifälligen nichts nützt.
635 2589 3268 2702 Ich erzählte ihm, daß ich auch ein anderes Stück fertig habe, dass
629 2710 3221 2835 mir aber gerade um "Mimi und Gwendi" mit der Ulricht zu tun sei.
1142 2837 3471 2970 Die Novelle "Ueber Nacht" habe ich pünktlich aus Deutsch-
632 2981 3437 3169 land zurückbekommen, d.h. sie liegt bei Klinenberger, mit dem ich tele-
639 3089 1269 3231 fonisch sprach.
1151 3241 3431 3374 Heute Nacht war ein furchtbarer Sturm, der schon am Abend
601 3358 3294 3532 e insetzte, ich habe zweimal Sedormit genommen und konnte doch nicht
635 3474 3426 3636 schlafen. Von Mittag an war frühlingshaftes Wetter, fast etwas Unheim-
2300 3587 2500 3681 (lich
623 3645 3260 3739 lich. Ich freue mich, dass es Dir gesundheit gut zu gehen scheint.
614 3723 3387 3916 Was macht der "Zug der Schatten"? Kommt Heini auf ein längeres Gast-
637 3913 3227 4030 spiel nach Wien? Und an was für Rollen denkt er? Wäre nicht eine
617 4059 2656 4226 klassische Rolle das Richtige? Kommt Ruth mit ihm?
1135 4190 3314 4325 Heute Abend kommt Frieda zu mir, um den "Propheten" im
3493 91 3580 234 14
