<?xml version="1.0" encoding="UTF-8" standalone="yes"?>
<PcGts xmlns="http://schema.primaresearch.org/PAGE/gts/pagecontent/2013-07-15" xmlns:xsi="http://www.w3.org/2001/XMLSchema-instance" xsi:schemaLocation="http://schema.primaresearch.org/PAGE/gts/pagecontent/2013-07-15 http://schema.primaresearch.org/PAGE/gts/pagecontent/2013-07-15/pagecontent.xsd">
    <Metadata>
        <Creator>prov=READ-COOP:name=TrHtr:version=0.0.6:model_id=44522:date=18_11_2022_03:24</Creator>
        <Created>2022-11-17T16:34:12.595+01:00</Created>
        <LastChange>2022-11-18T03:24:00.621Z</LastChange>
        <TranskribusMetadata docId="1233893" pageId="50259544" pageNr="74" tsid="104225754" status="IN_PROGRESS" userId="40391" imgUrl="https://files.transkribus.eu/Get?id=KZYJDCRUEJXUIBGYNFJVKMVF&amp;fileType=view" xmlUrl="https://files.transkribus.eu/Get?id=JLHCIASYUSGEICQNYLZVGYHP" imageId="41048860"/>
    </Metadata>
    <Page imageFilename="HIN-155550_0074.tif" imageWidth="3811" imageHeight="4791">
        <ReadingOrder>
            <OrderedGroup id="ro_1669820949445" caption="Regions reading order">
                <RegionRefIndexed index="0" regionRef="r1"/>
            </OrderedGroup>
        </ReadingOrder>
        <TextRegion id="r1" custom="readingOrder {index:0;}">
            <Coords points="657,118 657,4310 3621,4310 3621,118"/>
            <TextLine id="r1l1" custom="readingOrder {index:0;}">
                <Coords points="2150,463 2226,426 2372,464 2674,412 2773,459 2922,420 3076,462 3074,331 2749,335 2713,306 2557,356 2148,343"/>
                <Baseline points="2169,410 2213,408 2257,408 2302,408 2346,407 2391,407 2435,406 2479,405 2524,405 2568,404 2613,404 2657,402 2701,402 2746,401 2790,401 2835,399 2879,399 2923,399 2968,399 3012,399 3057,399"/>
                <TextEquiv>
                    <Unicode>Häringsdorf 18.7.1923.</Unicode>
                </TextEquiv>
            </TextLine>
            <TextLine id="r1l2" custom="readingOrder {index:1;}">
                <Coords points="2153,551 2306,550 2441,590 2540,549 2645,549 2737,603 2780,570 2890,580 2889,497 2794,453 2696,490 2517,451 2386,495 2153,478"/>
                <Baseline points="2172,542 2207,542 2242,540 2277,540 2312,540 2347,540 2382,540 2417,540 2452,540 2487,540 2522,540 2557,540 2592,540 2627,539 2662,539 2697,539 2732,539 2767,539 2802,538 2837,537 2873,537"/>
                <TextEquiv>
                    <Unicode>Kurhaus atlantic.</Unicode>
                </TextEquiv>
            </TextLine>
            <TextLine id="r1l3" custom="readingOrder {index:2;}">
                <Coords points="711,783 741,783 748,776 759,776 766,768 781,765 813,765 813,696 795,696 781,703 773,696 759,699 733,681 730,685 711,685"/>
                <Baseline points="728,753 762,756 797,753"/>
                <TextEquiv>
                    <Unicode>(e)</Unicode>
                </TextEquiv>
            </TextLine>
            <TextLine id="r1l6" custom="readingOrder {index:3;}">
                <Coords points="892,946 3439,865 3347,746 891,818"/>
                <Baseline points="909,882 1016,881 1488,879 1595,878 1703,876 1810,875 1917,874 2025,873 2132,872 2239,870 2347,870 2454,869 2561,867 2668,867 2776,866 2883,864 2990,863 3098,861 3205,860 3312,857 3420,855"/>
                <TextEquiv>
                    <Unicode>Wir haben es hier mit dem Aufenthalt sehr schlecht getroffen und</Unicode>
                </TextEquiv>
            </TextLine>
            <TextLine id="line_1668714175396_1067" custom="readingOrder {index:4;}">
                <Coords points="625,1035 1927,1047 1959,908 1292,970 862,965 778,922 625,959"/>
                <Baseline points="644,1017 1942,1010"/>
                <TextEquiv>
                    <Unicode>ich weiss nicht, was werden wird.</Unicode>
                </TextEquiv>
            </TextLine>
            <TextLine id="line_1668714181512_1077" custom="readingOrder {index:5;}">
                <Coords points="650,1175 3438,1172 3473,1055 649,1076"/>
                <Baseline points="669,1139 694,1143 720,1145 746,1146 772,1145 798,1145 824,1145 850,1145 876,1147 902,1149 1259,1139 1368,1140 1478,1140 1588,1140 1698,1140 1808,1139 1917,1137 2027,1137 2137,1136 2247,1133 2357,1132 2466,1130 2576,1128 2686,1127 2796,1125 2906,1125 3015,1124 3125,1122 3235,1122 3345,1122 3455,1122"/>
                <TextEquiv>
                    <Unicode>Wir sind gestern Nachmittag hier eingetroffen und fanden zwei schäbige</Unicode>
                </TextEquiv>
            </TextLine>
            <TextLine id="r1l11" custom="readingOrder {index:6;}">
                <Coords points="723,1287 1139,1356 3333,1273 3153,1165 722,1200"/>
                <Baseline points="740,1277 868,1277 997,1275 1126,1275 1255,1274 1383,1272 1512,1271 1641,1271 1770,1269 1898,1268 2027,1266 2156,1265 2285,1263 2413,1263 2542,1262 2671,1260 2800,1259 2928,1257 3057,1256 3186,1254 3315,1253"/>
                <TextEquiv>
                    <Unicode>Zimmer vor, das eine noch nicht einmal eingerichtet. Bett und ein</Unicode>
                </TextEquiv>
            </TextLine>
            <TextLine id="r1l12" custom="readingOrder {index:7;}">
                <Coords points="653,1418 3336,1442 3496,1414 3495,1305 652,1353"/>
                <Baseline points="669,1409 809,1409 950,1407 1090,1407 1231,1406 1371,1405 1512,1404 1652,1403 1793,1401 1933,1400 2074,1398 2214,1397 2355,1395 2495,1394 2636,1392 2776,1391 2917,1388 3057,1386 3198,1385 3338,1382 3479,1380"/>
                <TextEquiv>
                    <Unicode>dämftigux dürftiger Waschtisch wurden erst aufgestellt. Und dafür rech-</Unicode>
                </TextEquiv>
            </TextLine>
            <TextLine id="r1l13" custom="readingOrder {index:8;}">
                <Coords points="700,1579 3539,1546 3494,1437 699,1477"/>
                <Baseline points="717,1539 857,1539 997,1538 1137,1538 1277,1536 1417,1535 1557,1535 1697,1533 1837,1532 1977,1530 2118,1529 2258,1527 2398,1526 2538,1524 2678,1523 2818,1521 2958,1520 3098,1519 3238,1518 3378,1517 3519,1515"/>
                <TextEquiv>
                    <Unicode>net manl,600.000 Mark im Tag. Also undurchführbar. Der Luxus des Hotels</Unicode>
                </TextEquiv>
            </TextLine>
            <TextLine id="r1l14" custom="readingOrder {index:9;}">
                <Coords points="641,1690 2813,1698 3418,1605 640,1602"/>
                <Baseline points="657,1670 794,1670 931,1668 1068,1668 1205,1667 1342,1667 1479,1665 1616,1665 1753,1664 1890,1662 2028,1662 2165,1661 2302,1659 2439,1658 2576,1656 2713,1655 2850,1653 2987,1652 3124,1651 3261,1650 3399,1649"/>
                <TextEquiv>
                    <Unicode>besteht in einer ordinär grellen Halle, einer Aufmachung wie in einem</Unicode>
                </TextEquiv>
            </TextLine>
            <TextLine id="r1l15" custom="readingOrder {index:10;}">
                <Coords points="700,1824 3339,1817 3338,1715 2974,1692 699,1722"/>
                <Baseline points="720,1800 850,1800 980,1799 1110,1799 1240,1797 1370,1797 1500,1796 1630,1796 1760,1794 1890,1793 2020,1791 2150,1790 2280,1790 2410,1788 2540,1787 2670,1785 2800,1784 2930,1784 3060,1782 3190,1781 3321,1781"/>
                <TextEquiv>
                    <Unicode>Variete letzter Klasse, fortwährend spielenden Jazzbands und einem</Unicode>
                </TextEquiv>
            </TextLine>
            <TextLine id="r1l16" custom="readingOrder {index:11;}">
                <Coords points="654,1978 3311,1953 3489,1930 3488,1831 653,1887"/>
                <Baseline points="672,1928 819,1928 966,1929 1113,1929 1261,1929 1408,1928 1555,1928 1703,1926 1850,1925 1997,1923 2145,1922 2292,1920 2439,1919 2587,1917 2734,1916 2881,1914 3029,1913 3176,1911 3323,1911 3471,1910"/>
                <TextEquiv>
                    <Unicode>furchtbaren Schieberpublikum, gemischt mit eindeutiger Weiblichkeit. Der</Unicode>
                </TextEquiv>
            </TextLine>
            <TextLine id="r1l17" custom="readingOrder {index:12;}">
                <Coords points="649,2091 3321,2084 3470,2006 648,1982"/>
                <Baseline points="666,2058 805,2058 944,2058 1084,2058 1223,2058 1362,2057 1502,2057 1641,2055 1780,2054 1920,2054 2059,2052 2198,2051 2338,2049 2477,2048 2616,2048 2756,2046 2895,2045 3034,2043 3174,2043 3313,2042 3453,2042"/>
                <TextEquiv>
                    <Unicode>Besitzer ein schwerer Jud macht den denkbar schlechtesten Eindruck, so</Unicode>
                </TextEquiv>
            </TextLine>
            <TextLine id="r1l18" custom="readingOrder {index:13;}">
                <Coords points="658,2222 3378,2205 3249,2082 658,2135"/>
                <Baseline points="675,2190 809,2190 943,2190 1077,2190 1211,2190 1346,2189 1480,2187 1614,2187 1748,2186 1882,2184 2017,2183 2151,2181 2285,2180 2419,2179 2553,2178 2687,2177 2822,2175 2956,2175 3090,2174 3224,2174 3359,2174"/>
                <TextEquiv>
                    <Unicode>dass man mit ihm gar nicht reden kann. Es wäre natürlich das einzig</Unicode>
                </TextEquiv>
            </TextLine>
            <TextLine id="r1l19" custom="readingOrder {index:14;}">
                <Coords points="649,2346 3087,2353 3371,2314 3371,2226 648,2218"/>
                <Baseline points="666,2321 800,2321 934,2321 1069,2320 1203,2319 1338,2319 1472,2318 1606,2317 1741,2316 1875,2315 2010,2313 2144,2312 2278,2312 2413,2310 2547,2309 2682,2307 2816,2306 2950,2305 3085,2304 3219,2303 3354,2303"/>
                <TextEquiv>
                    <Unicode>Vernünftige gleich hier fort und an den Bodensee zu fahren, von dort</Unicode>
                </TextEquiv>
            </TextLine>
            <TextLine id="r1l20" custom="readingOrder {index:15;}">
                <Coords points="656,2467 2828,2509 3353,2458 3421,2363 655,2397"/>
                <Baseline points="674,2450 810,2450 947,2451 1083,2451 1220,2450 1356,2450 1493,2450 1629,2448 1766,2447 1902,2447 2039,2445 2175,2444 2312,2442 2448,2441 2585,2440 2721,2439 2858,2438 2994,2436 3131,2435 3267,2435 3404,2433"/>
                <TextEquiv>
                    <Unicode>eventuell in den Schwarzwald. Aber mein Sohn Harry und Vernunft sind</Unicode>
                </TextEquiv>
            </TextLine>
            <TextLine id="r1l21" custom="readingOrder {index:16;}">
                <Coords points="656,2625 718,2636 762,2599 842,2617 875,2592 959,2620 1418,2611 1417,2484 1337,2517 1301,2491 1221,2525 1035,2529 1002,2504 958,2533 867,2490 791,2519 656,2505"/>
                <Baseline points="675,2582 711,2582 747,2582 783,2582 820,2582 856,2582 892,2582 928,2582 965,2582 1001,2582 1037,2582 1073,2582 1110,2582 1146,2582 1182,2582 1218,2582 1255,2580 1291,2580 1327,2579 1363,2579 1400,2577"/>
                <TextEquiv>
                    <Unicode>leider zweierler.-</Unicode>
                </TextEquiv>
            </TextLine>
            <TextLine id="r1l22" custom="readingOrder {index:17;}">
                <Coords points="652,2719 2697,2771 3379,2700 3378,2613 652,2631"/>
                <Baseline points="672,2712 806,2712 940,2712 1075,2712 1209,2712 1344,2711 1478,2711 1612,2709 1747,2709 1881,2708 2016,2706 2150,2706 2284,2705 2419,2703 2553,2702 2688,2700 2822,2700 2956,2699 3091,2699 3225,2697 3360,2697"/>
                <TextEquiv>
                    <Unicode>So bin ich nach einer schlaflosen Nacht und ganz erschöpft stunden-</Unicode>
                </TextEquiv>
            </TextLine>
            <TextLine id="r1l23" custom="readingOrder {index:18;}">
                <Coords points="693,2893 3441,2872 3440,2777 3302,2749 692,2799"/>
                <Baseline points="710,2844 845,2844 981,2844 1116,2844 1252,2843 1388,2843 1523,2843 1659,2841 1795,2841 1930,2840 2066,2838 2202,2838 2337,2837 2473,2835 2609,2835 2744,2834 2880,2832 3016,2831 3151,2831 3287,2829 3423,2828"/>
                <TextEquiv>
                    <Unicode>lang mit ihm herumgerannt, war auch in Bansin, einem kleinen, sehr lie-</Unicode>
                </TextEquiv>
            </TextLine>
            <TextLine id="r1l24" custom="readingOrder {index:19;}">
                <Coords points="659,3014 3378,2977 3312,2890 658,2901"/>
                <Baseline points="677,2975 811,2975 945,2975 1079,2975 1213,2975 1347,2973 1481,2973 1615,2972 1749,2972 1883,2970 2018,2969 2152,2969 2286,2967 2420,2966 2554,2966 2688,2964 2822,2964 2956,2963 3090,2963 3224,2963 3359,2963"/>
                <TextEquiv>
                    <Unicode>ben Seebad gleich neben Häringsdorf, aber es ist hier nirgends etwas</Unicode>
                </TextEquiv>
            </TextLine>
            <TextLine id="r1l25" custom="readingOrder {index:20;}">
                <Coords points="657,3116 3388,3121 3420,3018 657,3032"/>
                <Baseline points="675,3108 811,3107 947,3105 1084,3105 1220,3104 1356,3104 1493,3102 1629,3102 1765,3101 1902,3101 2038,3099 2174,3099 2311,3098 2447,3098 2583,3096 2720,3096 2856,3095 2992,3093 3129,3092 3265,3090 3402,3089"/>
                <TextEquiv>
                    <Unicode>frei. Einige Portiers, denen ich "Erkenntlichkeit" in Aussicht stell-</Unicode>
                </TextEquiv>
            </TextLine>
            <TextLine id="line_1668714187291_1097" custom="readingOrder {index:21;}">
                <Coords points="1081,3183 1125,3175 1147,3189 1158,3182 1205,3192 1212,3184 1220,3192 1227,3184 1242,3199 1296,3180 1340,3186 1339,3114 1244,3111 1197,3126 1171,3108 1153,3123 1128,3116 1080,3128"/>
                <Baseline points="1098,3168 1131,3168 1167,3167 1192,3168 1218,3167 1243,3167 1269,3165 1294,3165 1320,3167"/>
                <TextEquiv>
                    <Unicode>Couge</Unicode>
                </TextEquiv>
            </TextLine>
            <TextLine id="r1l28" custom="readingOrder {index:22;}">
                <Coords points="659,3270 3389,3277 3472,3153 658,3179"/>
                <Baseline points="678,3236 816,3236 955,3236 1094,3236 1233,3234 1372,3234 1511,3233 1649,3233 1788,3231 1927,3231 2066,3230 2205,3229 2344,3228 2483,3227 2621,3227 2760,3225 2899,3225 3038,3225 3177,3224 3316,3224 3455,3224"/>
                <TextEquiv>
                    <Unicode>te, machten wague Vereprechungen. Sollte ich bis morgen Mittags nichts</Unicode>
                </TextEquiv>
            </TextLine>
            <TextLine id="r1l29" custom="readingOrder {index:23;}">
                <Coords points="668,3412 3304,3364 3281,3276 668,3266"/>
                <Baseline points="686,3368 815,3366 945,3366 1075,3365 1205,3365 1335,3363 1465,3363 1595,3362 1725,3362 1855,3360 1985,3360 2114,3359 2244,3359 2374,3357 2504,3357 2634,3356 2764,3356 2894,3354 3024,3354 3154,3353 3284,3353"/>
                <TextEquiv>
                    <Unicode>gefunden haben, so würde ich mit Harry bis Mittwoch, also oca eine</Unicode>
                </TextEquiv>
            </TextLine>
            <TextLine id="r1l30" custom="readingOrder {index:24;}">
                <Coords points="684,3507 2897,3543 3309,3516 3352,3428 2637,3366 2233,3448 684,3441"/>
                <Baseline points="704,3491 835,3492 966,3494 1098,3494 1229,3494 1361,3494 1492,3494 1624,3494 1755,3492 1887,3492 2018,3491 2149,3489 2281,3488 2412,3488 2544,3486 2675,3485 2807,3485 2938,3484 3070,3483 3201,3483 3333,3485"/>
                <TextEquiv>
                    <Unicode>Woche hier bleiben, da er sich nun mal auf das Meer kapriziert und</Unicode>
                </TextEquiv>
            </TextLine>
            <TextLine id="r1l31" custom="readingOrder {index:25;}">
                <Coords points="655,3631 3510,3650 3484,3555 1876,3501 655,3584"/>
                <Baseline points="672,3624 820,3624 968,3624 1117,3624 1265,3624 1413,3623 1562,3623 1710,3621 1858,3621 2007,3620 2155,3620 2304,3618 2452,3618 2600,3617 2749,3617 2897,3615 3045,3614 3194,3614 3342,3612 3491,3611"/>
                <TextEquiv>
                    <Unicode>dann doch mit ihm direkt nach Constanz. Sobald ich irgend eine Adress-</Unicode>
                </TextEquiv>
            </TextLine>
            <TextLine id="r1l32" custom="readingOrder {index:26;}">
                <Coords points="657,3769 3110,3794 3336,3756 3335,3665 656,3696"/>
                <Baseline points="674,3752 806,3753 938,3753 1070,3755 1202,3755 1334,3755 1466,3753 1599,3753 1731,3752 1863,3752 1995,3750 2127,3749 2259,3747 2391,3747 2524,3746 2656,3744 2788,3744 2920,3744 3052,3744 3184,3744 3317,3746"/>
                <TextEquiv>
                    <Unicode>änderung weiss telegraphiere ich Dir und dann schreibe mir express</Unicode>
                </TextEquiv>
            </TextLine>
            <TextLine id="r1l33" custom="readingOrder {index:27;}">
                <Coords points="663,3919 3422,3884 3145,3773 663,3780"/>
                <Baseline points="680,3884 816,3884 952,3884 1088,3884 1224,3884 1361,3883 1497,3882 1633,3882 1769,3881 1905,3881 2042,3879 2178,3879 2314,3878 2450,3878 2586,3876 2722,3876 2859,3875 2995,3875 3131,3875 3267,3873 3404,3873"/>
                <TextEquiv>
                    <Unicode>dahin. Briefe kommen erst am fünften Tag an und ich sehne mich schon</Unicode>
                </TextEquiv>
            </TextLine>
            <TextLine id="r1l34" custom="readingOrder {index:28;}">
                <Coords points="651,4028 3432,4036 3431,3930 3249,3920 650,3941"/>
                <Baseline points="669,4013 806,4013 943,4014 1080,4014 1218,4014 1355,4014 1492,4013 1629,4013 1767,4012 1904,4011 2041,4010 2178,4010 2316,4008 2453,4007 2590,4007 2727,4005 2865,4004 3002,4004 3139,4004 3276,4002 3414,4002"/>
                <TextEquiv>
                    <Unicode>nach einem Brief von Dir. Ich fühle mich so schrecklich einsam. Die-</Unicode>
                </TextEquiv>
            </TextLine>
            <TextLine id="r1l35" custom="readingOrder {index:29;}">
                <Coords points="671,4183 3598,4196 3623,4058 670,4092"/>
                <Baseline points="690,4145 835,4145 981,4146 1127,4146 1273,4146 1418,4146 1564,4145 1710,4145 1856,4145 2001,4143 2147,4143 2293,4143 2439,4142 2584,4142 2730,4142 2876,4142 3022,4142 3167,4142 3313,4142 3459,4142 3605,4143"/>
                <TextEquiv>
                    <Unicode>ser Bub ist mir so fremd, sein Wesen hat etwas so unnatürlich Geschraubtes,</Unicode>
                </TextEquiv>
            </TextLine>
            <TextLine id="r1l36" custom="readingOrder {index:30;}">
                <Coords points="706,4343 1107,4277 2944,4356 2944,4232 2674,4178 706,4205"/>
                <Baseline points="725,4278 835,4278 945,4278 1055,4280 1165,4280 1275,4280 1385,4280 1495,4280 1605,4280 1715,4278 1826,4278 1936,4278 2046,4278 2156,4278 2266,4277 2376,4277 2486,4277 2596,4275 2706,4275 2816,4274 2927,4274"/>
                <TextEquiv>
                    <Unicode>ich fühle mich nie ein bischen gemütlich wie mit Carly.</Unicode>
                </TextEquiv>
            </TextLine>
            <TextLine id="r1l37" custom="readingOrder {index:31;}">
                <Coords points="3535,247 3554,248 3574,270 3593,268 3608,254 3637,259 3643,120 3614,115 3599,126 3582,114 3559,135 3541,134"/>
                <Baseline points="3555,218 3588,221 3621,221"/>
                <TextEquiv>
                    <Unicode>25</Unicode>
                </TextEquiv>
            </TextLine>
            <TextEquiv>
                <Unicode>






























</Unicode>
            </TextEquiv>
        </TextRegion>
    </Page>
</PcGts>
