3746 4638
606 324 1367 494 Tagebuch 9.8.1930.
594 521 3409 701 9.8.1930. Anraf aus St. Moritz mit Voranmeldung. Als mir der Anruf ge-
592 637 3289 818 meldet wurde und in den Minuten, die bis zum Gespräch verrannen, war
607 773 3459 898 ich irrsinnig vor Angst, es könne ihm etwas geschehen sein und man will
592 929 3472 1051 mich vorbereiten, - aber als er dann am Telefon war,zog mich mein Innenes
592 1051 3407 1181 feindselig zusammen und ich beantwortete seine Fragen nach meinem Be-
591 1192 3490 1328 finden möglichst kurz. Er fährt erst morgen dort fort und trifft Montag
598 1293 3298 1428 Vormittag hier ein. Und was wird weiter werden - - Ich habe kein
599 1407 3495 1583 Vertrauen mehr, trotzdem er sagte, er sei froh wenigstens meine Stimme zu
586 1580 3435 1739 hören. Das hätte früher kommen müssen. Mein Befinden heute mässig, aber
589 1728 3405 1873 etwas weniger aufgeregt. Heute Vormittag zum zweiten Mal Gesichtsmas-
598 1800 3457 2017 sage, ich glaube nicht, dass es was nützt. Noch zwei Nächte und ein Tag!!
600 1938 3388 2098 10.8. Der letzte Tag vor seiner Ankunft. Gesundheitlich etwas besser,
587 2115 3299 2253 Magdi von 11-4 bei mir, viel Aenderungen an der Corday diktiert und
587 2260 3320 2395 viel mit ihr geplauscht. Sie ist viel reifer geworden. Cary und sie
597 2345 2757 2516 sind das Beste in meinem Leben. Wetter trüb und kühl.
585 2471 3419 2595 11.8. 10 Uhr. Er hat angerufen, kühles Gespräch im gleichen Ton wie vor
586 2641 3464 2782 6 Wochen. Schon von seiner Seite so eingesetzt. Ich soll um 1 Uhr hinü-
619 2764 2261 2903 berkommen. Ich sehe nichts Gutes voraus.
583 2882 3504 3037 5 Minuten vor 1 Uhr. Jetzt gehe ich hinüber, wie werde ich wiederkehren? -
589 3038 3348 3173 5 Uhr. Ich sitze seit 1 1/2 Stunden regungslos auf meinem Divan, unfähig
584 3153 3422 3311 irgend etwas zu tun. Es ist alles viel schlimmer, als ich dachte. Elen-
607 3276 3296 3423 des Aussehen, kühle, gleichgiltige Konversation. Ich war beim Kommen
583 3429 3421 3557 sehr erregt, konnte kaum atmen. Ich sagte lächelnd: "Ist es so ergrei-
560 3522 3293 3697 f end mich wiederzusehen?“ Das ernüchterte mich. Von da an belanglose
583 3666 3312 3810 Gesprüche und Fragen. Zum Schluss frug er mich,ob ich nicht drüben
577 3807 3404 3949 nachtmahlen will. Ich lehnte ab. Was könnte dabei Gutes herauskommen?
568 3941 3352 4094 7 Uhr Abend. Manchesmal glaube ich, es muss doch etwas Licht in diese
573 4027 2928 4241 Finsternis fallen. Aber es wird immer dunkler und dunkler.
576 4182 3497 4343 12.8. Mein Befinden elend. Cary Magi zu Tisch bei mir. Um 7 Uhr zu
