3771 4654
655 234 1296 379 T gb. 13.3.1931.
665 374 3415 592 Carry hinein, der einen viel besseren Eindruck macht. Ich durfte bei
686 571 3545 721 ihm bleiben, so lange Magdi mit ihrem Vater essen war. Ich nehme es ihm
723 735 3337 855 nicht übel, ich finde es so begreiflich, dass man nur die Frau, die
679 839 3443 994 man liebt, bei sich haben will. Um 3 Uhr schickte er mich fort. Werde
765 956 2716 1134 am Abend noch telefonische Nachrichten bekommen.
664 1080 3534 1211 14.3. Morgennachricht    Darry besser. Morgentemperatur 38. Gestern Abend
658 1212 3454 1384 bei A., der elend auswieht. Sorgen und Kummer, wohin man schaut. Heute
652 1333 1928 1470 Abend Anna bei mir, guter Kerl.
664 1466 3488 1594 15.3. Else über den Tag fort, bin von 1-6 bei Carry, um 3 Uhr 39.5. Ge-
679 1629 3559 1766 spräch mit Trude Bien, die mich beruhigt. Abend bei A., der etwas erhöhte
684 1751 3483 1872 Temperatur hat. Dr.Donath zum Nachtmahl, der gestern einen Sohn bekom-
670 1904 3409 2049 men hat. Als er mich nach Hause begleitete, flehte ich ihn wieder an
658 2016 1510 2134 et was für A. zu tun.
664 2126 3417 2329 16.3. Bei Carry. Wieder höhere Temperatur. Früh 39.3,Mittag 38.1,um
663 2242 2764 2425 3 Uhr 40.1. Bin um 8 Uhr wie tot ins Bett gefallen.
661 2392 3402 2534 17.3. 8 Uhr Früh. Anruf Dr. Siebner: Temperatur 39.3, Brechreiz,Carry
707 2521 3331 2708 soll sehr veratimmt sein, psychisch leiden, das bemerke ich schon
657 2636 1563 2806 eit 2 Tagen bei ihm.
645 2787 3508 2961 17.3. Sehr böser Tag. Temperatur Vormittag 38.7,Mittag 36.3,Nachmittag
662 2941 3429 3119 und Abend 39.7. Carry sehr matt und deprimiert, ich verzweifelt. Fuhr
661 3040 2218 3223 zum alten Bloch mein Herz ausschütten.
654 3187 3300 3346 Abend A. bei mir. Er ist sehr lieb und gut, sichtlich bemüht mir zu
647 3317 3417 3433 helfen, aber er kann mir nicht geben, was er nicht fühlt und ich jetzt
653 3417 2180 3585 mehr als je brauche. Ich bin allein.-
1132 3507 1355 3618 Aathu
647 3532 2784 3710 Ferry D. hat ihm endlich wieder eine Diät verordnet.
656 3681 3487 3841 18.3. Cary,Morgentemperatur 38.7. Als ich zu ihm kam war er etwas an-
649 3850 3488 3987 geheitert durch einen schweren alten Wein, den Tedy ihm gebracht. Später
647 3969 3338 4087 schlief er. Dann wieder 39.7. Trotzdem der Allgemeinzustand besser
643 4064 1163 4225 als gestern.
3582 121 3700 310 157
