3678 4667
1600 304 1712 458 v.
2282 435 3209 596 Riva,Sonntag,9.8.1925.
607 412 1362 563 An A.S., Karersee.
613 631 1042 770 Liebster,
1147 765 3247 885 gestern Abend (Samstag) kam Dein Mittwoch-Brief aus
637 905 3365 1013 Wien und die Ankunftskarte vom Karersee. Die Postverbindung ist un-
678 1033 3374 1170 wahrscheinlich schlecht und ich möcht schon gerne wissen, dass alle
634 1156 3330 1283 meine Briefe in Deinen Händen sind. Und so viel anderes möchte ich
614 1278 2257 1417 wissen - - Na, hoffentlich morgen Früh!
1139 1430 3414 1533 Gestern Nachmittag fuhr ich mit Cari in einem
629 1560 3473 1671 Wägelchen nach Torbole, wo wir auf der sehr schönen Terrasse Thee tran-
643 1667 3427 1801 ken. Das Hotel ist mindestens ebenso schön wie das hiesige, vielleicht
677 1813 3276 1938 weniger pflanzig aber komfortabler. Die Lage von Torbole und von
638 1936 3307 2068 dem dortigen Hotel viel schönerr, weil unmittelbarer am Wasser. Man
670 2077 3391 2195 nicht weit in den offenen See hinaus, während wir hier im Hafen lie-
650 2202 3276 2329 gen. Ich habe mir auch dort die Zimmer angesehen. Sie sind hübsch
644 2329 3309 2428 und appetitlich eingerichtet und haben fliessendes Wasser, was hier
630 2484 3355 2608 fehlt. Einbettzimmer gehen alle in den sehr schönen Park und kosten
631 2596 3307 2702 65 Lire. Gardone ist vielleicht später mondäner und überhaupt mehr
614 2726 3251 2856 Kurort. Sympathischer als Sommeraufenthalt ist Torbole. Ich habe
628 2865 3318 2962 nach Dora Michaelis ausgespäht, die ich sicher erkannt hätte, da ich
645 3000 3275 3116 sie ein oder zwei Mal bei Miss Timmon sah, aber ich habe sie nicht
631 3110 3159 3238 entdeckt. Wir gingen dann zu Fuss nach Riva zurück. Unterwegs
625 3250 3283 3360 tragen wir Julian Sternberg mit Gattin und einem Herrn. St. blieb
627 3385 3254 3499 stehen und begrüsste mich sehr freundlich. Sie wohnen in Torbole.
1144 3510 3265 3665 Ansonsten ist zu berichten, dass der "Kirchenvater", Wie
621 3651 3300 3763 Carli und ich ihn nennen, sich seit er mich kennt, aich allabendlich
626 3784 3386 3888 in einen Smoking stürzt. Ich behandle ihn eher schlecht, was ihn aber
639 3918 3312 4050 noch nicht abschreckt. Gestern Abend sassen wir bis 11 Uhr bei dem
632 4052 3346 4168 Tanzplatz im Freien und schauten zu. Die Jazzband ist ausgezeichnet
612 4158 3285 4305 und die tanzenden Pärchen sind schrecklich ordinär. Ich hatte ein
3460 97 3611 284 192
