3758 4674
2009 366 2838 492 Adelboden, 1.8.1926.
1993 433 2466 540 (nach Wien)
657 563 3388 701 Mein Liebes, heute endlich zum ersten Mal erwach ich bei strahlendem
634 702 3343 844 Himmel, und schicke Dir, eben aus dem Bett, einen innigen Sonnengruss.
631 788 3383 938 Immerhin war wenigstens gestern gegen Abend die Möglichkeit zu einem
626 930 3322 1096 kleinen Spaziergang gegeben (bei dem ich eingeregnet wurde),und bei
632 1076 3502 1222 dieser Gelegenheit hatte ichzum ersten Mal einen Eindruck von der Land-
669 1212 3418 1339 schaft, die lieblich und dochb nicht ohne Grösse ist. Das Hotel
619 1339 3360 1473 ist angenehm, das Essen vortrefflich; die Preise "entsprechend". Die
617 1472 3280 1595 Stimmung, als ich kam, war nicht die beste; es gab Missverständnisse
621 1598 3398 1726 (sagen wir) zwischen O. und Lili, mit deren Aussehen ich wenig zufrie-
607 1748 3427 1879 den bin. Zwei Regenwochen im Gebirge wirken freilich nicht sehr bele-
620 1878 3460 1983 bend und aufneiternd. Mein Sohn hingegen sieht vorzüglich aus. Frau K.
624 1995 3345 2137 ist dieses Mal nicht so unsympathisch und so kann man ihre Klugheit
612 2113 1729 2236 ohne Widerstand anerkennen.
590 2251 3261 2420 Die Badener Novelle las ich Heini und 0. vor; auf diese Weise zum
589 2389 3447 2491 ersten Mal laut, was mir, wie ich glaube, sehr nu Nutzen war, und mir ins-
589 2515 3447 2637 besonders die Nothwendigkeit eines eher tragischen Schlusses gebie-
654 2650 3363 2814 terisch nahelegte. Bogner ist dadurch zu einer ebenso grossen Rolle
607 2775 3331 2905 aumersehen, und tritt auch im Laufe der Novelle noch einmal, zugleich
591 2913 3273 3064 retardierend wie beflügelnd auf. Die Ergänzungen und Veränderungen
1930 3001 2151 3089 Indes
599 3059 3313 3203 sind eine Sache von 1-2 Tagen. xxx hab ich den Roman vorgenommen
604 3166 3243 3345 und corrigiere daran so, als wenn ich jede Seite morgen zum Setzer
590 3281 3185 3424 schicken müsste. Ich hoffe rascher damit zu Ende zu gelangen, als
589 3422 3468 3570 ich dachte. Solche Feilarbeit bedarf keiner Inspination, sondern nur der
3068 3544 3256 3622 werd
587 3550 3352 3739 Musse, an der es hier nicht fehlt und einiger Sammlung. Doch xxx ich
587 3714 3386 3858 wohl auch, vielleicht heute - das moderne Stück beginnen. Das von der
581 3832 3276 3944 befürchteten Novelle kommt vorläufig nicht in Betracht: am ehesten
594 3949 2983 4071 jenem andere (Reise an die Front mit dem Alten zum Jungen).
624 4090 3288 4248 Irgendwelche Bekannte gibt es hier nicht: - Oesterreicher überhaupt
1147 4173 1507 4257 Deutsche
562 4210 3258 4398 keine; -wenige mehr Amerikaner und Engländer; viele Schweizer
3482 118 3643 296 feste
