3782 4710
707 245 1323 407 Tgb. 5.4.1930.
712 473 3480 585 sein mit der O. kränke. Mein Gott, das ist ja gar nicht wahr. Ich sag
720 590 3326 732 ja ohnedies kein Wort. Aber ich kann halt jetzt nicht immer froh
730 729 3315 877 und heiter sein, ich werde mich zwingen. Mein Gott, mir ist ja nur
731 853 3432 972 wichtig, dass er gesund ist. Gegen den Blutdruck kann man, sagt Dr. D.
691 993 3389 1127 nichts machen, da er auf arteriosklerotischer Basis ist und allen,
715 1127 3504 1268 was vielleicht nützen könnte, setzt A. Widerland entgegen. Sanatorium,
687 1260 2428 1402 Gastein, Diuretin - auf alles sagt er Nein.
707 1382 3394 1522 Dr. D. behauptet, ich unterschätze die Gefühle des A. für mich. Ach,
719 1506 3336 1638 ich kann mich Dr. D. nicht ganz verständlich machen, er ist mir zu
730 1636 1458 1785 jung und zu fremd.
710 1734 3450 1891 Mittag Harry, mit dem ich jetzt ganz gut stehe. Dann kurzer Spazier-
716 1894 2004 2046 gang mit A., mir ist zum Weinen.
711 2078 3483 2240 Triste Tage, kühles Regenwetter und doch wird alles grün. Abend mktix
739 2236 2632 2391 mit Alma,Werfel, Hofrätin Z., A. sehr animiert.
711 2396 3399 2505 A. in besserer Verfassung, aber Aussehen sehr arg. Kälte, Regen. Ich
721 2497 3546 2645 behandle A. wie einen Kranken. Er ist launenhaft wie in kleines Kind,
2462 2583 2629 2665 echt
683 2588 3437 2795 manchmal Zärtlichkeiten, die aber nicht ganz scheinen. Ich komme
714 2741 3486 2865 oft ganz erschöpft nach Haus. Theater, Kino.Restaurant, ich sehe alles
718 2877 1914 3026 wie durch einen trüben Nebel.
716 3002 3484 3143 Ich bin überzeugt, dass ihndie Dispositionen Über das Zusammentreffen
725 3137 3521 3271 mit Heini,Arnoldo,O. enervieren. Ich höre übrigens, dass die O. einen
714 3287 3303 3391 Flirt oder eine Beziehung zu einem jungen Musiker in Berlin hat.
718 3397 3345 3514 Desto besser. Heini soll mit seiner Mutter sehr schlecht stehen.
712 3582 3558 3744 18.4. Finde A. seit 2 Tagen weniger müd und etwas besser aussehend, aber
712 3718 1359 3864 eher enerviert.
711 3890 3551 4008 Bei "Dreyfuss" im Volkstheater. Schade, dass der schöne Stoff nicht ei-
709 3991 1941 4122 nem Dichter in die Hände kam.
710 4123 3550 4303 Nachher mit Wertel im Imperial genachtmahlt. A. sehr kühl gegen mich.
3592 90 3688 251 34
