3759 4630
490 269 703 446 1928
520 483 790 658 27.3.
529 627 2114 803 Ersten nahm, der ihr über den Weg lief.
524 753 3431 889 9.4. Vormittag. Bei Anna in der neuen Wohnung. Abend bei A. mit Frieda,
525 874 1568 1035 Beer-Hofmann, Schwarzkopf.
526 1014 3506 1175 11.4. Letzter Abend bei A. Unvermeidliche Aussprache durch A. provoziert.
521 1174 3465 1324 Behauptet, nie ein Wesen mehr geliebt zu haben, als mich, niemand stehe ihm
521 1290 1490 1457 näher. Ich weine, weine.
530 1374 3330 1561 12.4. Drei telefonische Gespräche mit A. Ich liege zu Bett, bin krank.
526 1542 1654 1711 A. um 8 Uhr 30 nach Triest.
526 1689 3329 1828 15.4. Heute Expressbrief aus Triest, zum Schluss versicherungen seiner
484 1821 3365 1963 Liebe. - Nachmittag langweilige Damenjause. Margarete Königswarter (mit
495 1948 3424 2102 der ich vor ein paar Tagen bei der Willbrandt-Baudius wegen meines Stük-
523 2079 1098 2207 kes war) etc.
530 2205 3466 2308 Wie weit fort ist er schon. Fühlt er denn nicht, was das heisst, sich
496 2353 3422 2491 aus Uebermut so von einander zu trennen, wenn man doch irgendwie zusammen
471 2458 812 2606 g ehört.
1234 2512 1400 2642 voir
529 2583 3458 2774 22.4. Feuilleton im Raoul A. über "Therese". Kühl, sachlich, ohne Liebe,
454 2742 2731 2888 ohne Begeisterung. Und das sind die Freunde. Mir graut.
459 2851 3278 3021 Mein Gedicht "Wissen um den Tod" in der Sonntagsbeilage. Von A. eine
528 2967 1328 3133 Karte aus Brindisi.
526 3101 3466 3313 Sehr zärtlicher Brief von A. aus Athen. Die Briefe, die ich schreibe, sind
519 3241 1294 3398 wesentlich kuhler.
534 3362 3339 3550 Zum Tee bei Königswarter. Alles sehr lieb zu mir. Byk sagt: "Klärchen
537 3508 2328 3675 wird herumgereicht". Es ist auch so ähnlich.
525 3644 3252 3808 Erdbebenkatastrophe in Korinth-Athen.- Hottlob, er ist schon weiter.
518 3780 3166 3901 Première "Iphigenie" mit Gretl Königswarter. Moissi unerträglich.
522 4055 3378 4177 1. Mai. A. über Triest nach Venedig, kommt erst Donnerstag oder Freitag.
534 4180 3069 4348 Ich fühle mich fremd und kühl, der Winter hat mir zu weh getan.
467 4301 894 4485 2.5. 8to
