3742 4626
560 353 792 534 1929
598 633 3463 778 12.2. Der kälteste Winter seit 150 Jahren, melden die Zeitungen. Gefahr
574 748 3266 904 der Wasserabsperrung. 18 Grad Reaumur am Fenster. Heute Schnee und
582 890 3263 1027 Wind, daher unerträglicher als gestern. Vormittag bei Harry, der die
576 1020 3503 1167 Grippe hat. Heutey fieberfrei, Gottseidank. Lola, die ihn pflegt,unsicht-
572 1152 3271 1338 bar. Er hat mir seine Skinandschuhe gelienen und ich habe sie noch
575 1298 1861 1432 über meine gefütterten gezogen.
578 1408 3473 1564 Nachmittag A. einen Sprung bei mir. Ich habe ihm das fertige Manuscript
586 1559 3368 1707 "Kammerdiener" zum Lesen mitgegeben und Abends bin ich bei ihm. Wenn
589 1670 3237 1807 es ihm nicht gefiele, wäre ich recht enttäuscht. Ich weiss, es sind
578 1819 2507 1941 noch stilistische Mängel, die ich beheben werde.
579 1925 3242 2072 A. findet den "Kammerdiener" ausgezeichnet, sowohl als Einfall, wie
592 2070 3258 2185 stilistisch. Nur beim Schluss macht er Einwendungen. Ich bin nicht
578 2191 3476 2339 eigensinnig, aber da kann ich nicht mit. Er will, dass sich Noni lächelnd
582 2336 3302 2484 damit abfindet, dass sie dem "Diener" angehört hat und dass er sich
623 2457 3430 2596 lächelnd als Gentleman empfiehlt. Ich dagegen lasse ihn in ihr Zimmer
556 2604 3389 2716 ximeindringen, sich zu erkennen und ihr zuverstehen geben, was sie für
593 2731 2832 2879 ein Geschöpf ist. Dann empfiehlt er sich als Kavalier.
585 2847 3291 2972 14.2. Vormittag bei Harry, der noch immer fiebert. Abend mit A. bei
596 2991 3357 3146 "Die gelbe Lilie" im Kino, nachher in der "Linde" genachtmahlt. Kälte
589 3102 1078 3256 und Schnee.
595 3254 3333 3352 15.2. Vormittag gearbeitet. Einen zweiten Schluss zum "Kammerdiener"
590 3378 3314 3494 gemacht. Er insultiert Noni nur in Gedanken, so dass seine und meine
579 3516 3354 3639 Stellungnahme zu diesem Wesen herauskommt und geht als Kavalier, ohne
586 3635 2226 3795 dass sie erfährt, dass er ein Diener ist.
578 3766 3363 3931 A. zu Tisch bei mir, findet diesen Schluss sehr gut. Aber ich bin ei-
583 3900 1801 4055 gentlich mehr für den andern.
584 4048 1614 4185 Kälte. 21 Grad am Fenster.
582 4163 3306 4333 16.2. Bei Harry, der noch immernicht wohl ist. Zu Mittag bei Kleins.
