2793 3358
1741 309 2225 451 8. II. 97.
991 636 1784 797 Lieber Herr Doktor!
471 934 2479 1031 Ich konnt Ihnen am Telefon gar nicht recht sagen,
330 1069 2371 1201 wie froh ich bin denn erstens bracht ich vor Auf¬
335 1190 2494 1314 regung kaum ein Wort heraus und dann habte ich solche
323 1320 1916 1461 Angst, dass jemand vorbeikommen könnte.
487 1437 2482 1595 Ich bin sehr, sehr glücklich und es war von Ihnen
303 1573 2490 1700 riesig lieb, dass Sie mir gleich die Mitteilung mach¬
334 1722 2450 1826 ten. ich möcht nur so gern, viel, viel mit Ihnen re¬
324 1858 1679 1987 den und bis Sonntag ist so lang -
443 1974 2521 2109 Könnten wir uns nicht heut am Spaziergang treffen?
316 2128 2367 2218 Das wär wohl schön. Ich bin von drei bis halb fünf
344 2260 2357 2354 frei. Wenn Ihnen die Zeit passt, so rufen Sie mich
341 2388 2330 2477 vor halb drei Uhr an um mir zu sagen, wo wir uns
325 2509 2452 2620 treffen könnten. Vielleicht ist diese Bitte sehr un-
331 2660 2474 2767 bescheiden von mir, aber ich sehe heute nicht so klar.
316 2780 2443 2869 Hofmannsthal scheint noch nicht zu wissen dass "Wir"
331 2908 2482 2998 gedruckt werden, sonst hätt er mir wol eine Zeile ge¬
340 3037 757 3173 schrieben.
734 3053 2235 3188 Nochmals vielen Dank und viele Grüsse
2091 3147 2712 3278 Ihr Clara Loeb
