3786 4638
2750 264 3406 444 23.7.1930. Bl.6.
649 268 977 459 An A.S.
613 495 3467 638 um die Weihnachtszeit nach Berlin fahren wirst, ich weiss, dass die Mög¬
618 608 3377 759 lichkeit vorhanden ist, dass Du im späteren Oktober oder November aus
626 788 3416 906 geschäftlichen Interessen oder auch um Heini zu sehen nach dort gehen
619 902 3420 1014 dürftest. Ich werde Dich lächelnd, ohne den kleinsten Unmut zu zeigen,
619 1053 3325 1179 an die Bahn begleiten. Aber bitte, Kind, gönne uns zwei Monate eines
609 1175 3216 1298 programmlosen Beisammenseins. Ich bin innerlich so zerrissen und
617 1269 3425 1395 bin wirklich so wenig wohl, dass ich, – dass wir ein bischen Ruhe brau¬
618 1415 3377 1552 chen, um zu einer glücklichen und frohen Zweisamkeit zu gelangen. Und
610 1534 3390 1689 das willst Du doch offenbar auch. Ich hoffe in Deinen Zeilen andere,
621 1685 3446 1791 wärmere Töne zu finden, wiederzufinden. Dass Du den Anfang machen müss¬
608 1836 3373 1963 test, das siehst Du doch ein, Liebster, – ich habe es Dir bei Gott nicht
628 1948 3368 2105 schwer gemacht und je kürzer der Brief sein wird, umso besser wird er
612 2082 3229 2202 wohl sein. Es kommt nicht auf die Anzahl der Worte an. Ich gebe
612 2226 3064 2339 meine besten Gedanken, meine bewien Wünsche diesen Zeilen mit.
1246 2326 1511 2496 Deine
1569 2465 1785 2605 C.K.
