3686 4678
1823 448 2657 597 Alt-Aussee, 3.6.1916.
680 552 3313 750 Herzlichen Gruss, liebe gnädige Frau und auf Wiedersehen in Wien.
1686 717 2056 864 Ihr ergebener
2216 856 2971 995 Arthur Schnitzler.
2128 968 2812 1127 Olga Schnitzler.
1558 1089 1825 1225 - - - -
1815 1219 2697 1393 Alt-Aussee, 18.7.1916.
690 1225 1830 1376 (nach Bad Ischl, Grillg.10.)
695 1377 3389 1524 Liebe gnädige Frau, danke sehr für die Karte. Es ist heuer keine so
691 1511 3371 1650 einfache Sache nach Ischl fahren Thee zu trinken; – aber es kommt
693 1617 3366 1780 wohl auf die Stunde nicht an? Jedenfalls bleibt dabei, dass wir uns
686 1754 3431 1873 melden, wenn wir hinüber kommen sollten und erwarten das Gleiche von
674 1911 3333 2062 Ihnen, wenn Sie nach A. fahren. Vorläufig sitzen wir hier ziemlich
686 2041 3223 2175 fest und fühlen uns trotz des allzu häufigen Regens in unserem
687 2150 3406 2283 höchst angenehmen Häuschen (mit beschränkter Wirtschaft, da wir beim
684 2283 3365 2448 Seewirth speisen) sehr wohl. Herzliche Grüsse und auf baldiges Wie¬
684 2399 1921 2560 sehen! Ihr Arthur Schnitzler.
1654 2552 1921 2655 - - - - - -
1826 2691 2674 2837 Alt-Aussee, 1.8.1916.
659 2797 3366 2931 Liebe gnädige Frau, wir kriegen kein Zimmer in Ischl, so ists nichts
669 2925 3407 3089 mit dem ursprünglichen Plan, der wohl, nach Ablauf des Saisonrummels,
677 3072 3312 3202 ausgeführt wird. Immerhin bleibt es möglich, dass wir einmal übern
663 3199 3315 3320 Tag hinüberwandern (über die Bla.) – in welchem Falle wir Sie
669 3325 3433 3451 ganz sicher zu sehen hoffen. Doch lässt sich nun natürlich kei¬
664 3469 3364 3632 ne Stunde bestimmen. Seien Sie herzlichst gegrüsst, auch von meiner
655 3575 912 3710 Frau.
1415 3625 2331 3778 Ihr Arthur Schnitzler.
1588 3792 1866 3903 - - - - - -
1968 3934 3449 4052 Alt-Aussee, 11.8.1916. Fischerndorf 79
647 4003 3337 4126 Liebe gnädige Frau, wir werden Sie am Sonntag zirka ein Uhr in oder
679 4073 3303 4190 vor dem Seewirth erwarten und hoffen Sie machen uns das Vergnügen
648 4150 2775 4275 mit uns zu speisen. Auf Wiedersehen herzliche Grüsse
1493 4218 1653 4324 Ihr
1683 4266 2442 4409 Arthur Schnitzler.
