3827 4678
528 490 3398 607 gab ihm zu verstehen, dass ich eine Beziehung in München gehabt hatte und sagte
538 601 3405 721 nur lächelnd: »ich bin in den alten Jahren oft in dieser Stadt« gewesen.
505 689 3105 821 Verschwieg aber, daß diese Beziehung längst zu Ende war.
549 815 3479 933 Ich frug ihn natürlich auch, wie er sich in seiner Ehe fühle und er meinte, sie sei
579 941 3404 1051 nicht besser und nicht schlechter, wie alle Ehen nach so und so vielen
541 1064 3400 1212 Jahren. Ich hatte aber schon damals den Eindruck, dass hier nicht alles
547 1195 3357 1336 stimmte. – Da ich mit meiner Schwägerin verabredet war, so musste ich
537 1330 3110 1460 ihm nach einer Stunde etwa Adieu sagen, um den Zug nach Ischl zu erreichen.
936 1469 3347 1608 Im darauffolgenden Winter kam das Ehepaar einmal unangesagt
532 1607 3387 1735 mir meinen Besuch erwidern. Da ich aber mit einer Angina zu Bett lag,
541 1723 3501 1827 konnte ich sie nicht empfangen. Hie und da schrieb ich eine Ansichtskarte
546 1880 3277 1997 aus München oder von irgend einem andern Ort an A.S. und bekam auch
534 1986 2789 2089 von ihm manchesmal einen Gruss von irgend einer Reise.
928 2134 3350 2247 Erst im Jahre 1919 traf ich ihn wieder in Ischl in der Nähe
542 2248 3514 2381 des Kaisergartens, als er eben von einem Mittagessen bei der Gräfin Wyden¬
544 2378 3350 2511 bruck kam. Es war ein Regentag, er trug ein langes grünes Cape, und wir
570 2492 3467 2669 sagten uns gegenseitig ein paar freundliche Worte und als er mich frug,
540 2625 3505 2778 ob er mich vielleicht irgendwo treffen könnte, besprachen wir uns am Nach¬
542 2767 3371 2873 mittag beim Zauner zu sehen. Ich erfuhr später einmal, von ihm, dass er
540 2911 3464 3046 tatsächlich dort gewesen sei, mich aber in dem furchtbaren Gedränge nicht
575 3037 3181 3144 entdeckte und angeekelt von der Menschenmenge davongelaufen sei.
1009 3154 3472 3276 In diesem selben Sommer war ich mit meinem Sohn Karl in Mün¬
504 3296 3503 3450 chen und auf der Rückfahrt stiegen zufällig Olga S. und ihr Sohn Heini
540 3425 3410 3530 in Salzburg in unser Coupé und hatten ihre Platzkarten genau uns gegen¬
533 3530 3584 3683 über. So waren wir durch mehrere Stunden gezwungen miteinander zu sprechen.
533 3688 3411 3818 Sie war namenlos grossartig und affektiert, sagte, sie sei allein in Gas¬
554 3809 3409 3904 tein gewesen und sie brauche solche Eheferien. Beim Aussteigen bespra¬
516 3945 3387 4056 chen wir sehr höflich uns wieder zu besuchen, haben es aber beide nicht
518 4068 1008 4201 mehr getan.
993 4152 3396 4358 Im Jahre 1920 wurde es in Wien bekannt, dass O. ihren
531 4355 2768 4513 Gatten wegen des Kapellmeister Gross verlassen hatte.
