3787 4667
614 293 1271 438 Tgb. 24.8.1929.
657 415 1190 591 machen soll.
626 572 3595 757 25.8. Gestern schöner Abend. Zom Souper A. Smoking, i.h schwarzes Spitzen-
626 736 3407 872 kleid und Samtmantel. Man sieht uns immer an, wenn wir in den Speise-
625 864 3487 1000 saal kommen. Nachher mit ihm von meinem Zimmer aus auf den dunklen See
624 982 3475 1140 und die Lichter von Montreux und Territet hinuntergesehen. Wundervolle
611 1121 917 1264 Nacht.
536 1294 3523 1417 4. Heute beim Frühstück in meinem Erker plötzlich in der Erinnerung
619 1376 3433 1528 an Lili geweint. Wir haben uns verstanden. Wie alten Menschen genies-
613 1525 3356 1670 sen und dieses arme Kind ist tot. Er tat mir unendlich leid und ich
625 1633 1257 1790 weinte mit ihm.
616 1781 3415 1901 Spaziergang gegen Rocher de nez May. A. liebewoll und gut zu mir. Und
591 1938 3331 2052 zu denken, dass er von mir zu dieser Frau gehen wird. Ich verstehe ja
1784 2011 2054 2097 100 50
616 2043 3463 2180 gar nicht, dass sie es münscht, so wie doch genau weiss, das er hier mit
627 2181 3375 2301 mir ist. Vielleicht nur, weil sie damit ihre Macht beweisen will. Ach,
616 2307 2578 2427 ich verstehe nichts von solchen Verworrenheiten.
619 2496 3466 2605 26.8. Ausflug zu den Rochers de May. Nicht sehr lohnend, Aussicht durch
617 2649 3465 2783 Nebel verhüllt, aber Stimmung ausgezeichnet. A. wird immer liebevoller.
620 2760 2029 2925 Ich habe ihn noch nie so gesehen.
595 2906 3336 3041 Briefe von Carry, Herry hat sich entlobt. Auf Warry bin ich stolz, er
579 3031 3183 3165 war der Situation als Vertreter der Familie durchaus gewachsen.
598 3197 3475 3375 27.8. Heute Früh Gespräch über O.A. sagte, es würde ihm nicht einfallen
599 3352 3523 3451 sie zu besuchen, wenn sie nicht nach dieser Operation wäre. Das Zusammen-
608 3482 3489 3599 sein mit ihr bedeute ihm nicht mehr als das mit irgend einem nännlichen
613 3622 3448 3733 Wesen, mit dem er fallweise zu sprechen wünsche. Sie sei eine alte lei-
594 3735 3416 3895 dende Frau und wenn auch nicht den Jahren nach, so doch viel älter als
592 3874 3332 4031 ich. Sein Widerstand gegen ihr Wesen sei jetzt so gross, dass es ihn
598 4007 3251 4153 schon fast ungerecht gegen sie mache etc. Zu mir ist er von einer
603 4130 3315 4251 schränzenlosen Zärtlichkeit, wie noch nie in diesen Jahren.- Es be-
3552 109 3711 275 258
