3770 4718
2320 283 3177 450 19.4.1928. Bl.3
843 446 3413 663 räumige zweibettige Cajüte, konnte mir sogar einen Tisch herein-
843 618 3478 791 stellen lassen (auf dem ich jetzt schreibe). Das Bad war ruinirt,
849 787 3455 944 wurde hergestellt - und ist schon wieder verdorben und unbenütz-
854 905 3380 1084 bar. Das Bett nicht schlecht. Sonderbar ein ununterbrochenen
861 1020 3384 1173 rhythmischer Larawie vom Stossen einer Maschine (auch jetzt, da
854 1139 3600 1306 das Schiff steht). Mein Schlaf nicht besonders (Gegen meinen sonsti-
871 1285 3549 1453 gen), insbesondere das Einschlafen durch den rhythmischen Lärm ver-
867 1430 3474 1564 zögert (dazu kommt meist allermüglicher anderer Lärm, wie er auf
854 1538 3422 1694 Schiffen nicht zu vermeiden). Das Essen recht gut; - die Butter
865 1689 3508 1852 als dubios) hab ich aufgegeben und befinde mich seither wohler als
876 1815 3327 1943 im Anfang (sie sollten lieber 3 Gänge statt 6 zu Tisch haben
879 1931 3526 2113 und anständige Butter). Der Kapitän liebenswürdig, aber xxx
884 2073 3488 2229 keinen etwas uninteressiert. Keine Radiozeitung ("wir haben
882 2204 3371 2357 kein Geld dazu“, sagt der Capitän), die auf Schiffen dieser Art
884 2340 3436 2493 sonst regelmässig auch auf hoher See erscheint. (Man wird unbe-
883 2483 3371 2616 scheiden). - Die Theilnehmer an den pauschalirten Excursionen
890 2594 3490 2761 sind nicht zufrieden (wir, die auf eigene Faust excursiren, kommen
891 2723 3417 2861 ungleich billiger draus). Bedienung gefällig und tadellos. Der
887 2870 3496 3010 Thee anständig, Kaffee schlecht. Die Auskünfte durch das (auf dem
893 3006 3367 3135 Schiff befindliche) Touristoffice) nicht absolut verlässlich.-
884 3088 3354 3295 Das Wetter dauernd schön; die abendliche Kühle thut mir wohl.
886 3248 3375 3366 Wir fahren seit Triest spiegelglatt dahin; es sieht vorläufig
889 3391 3286 3507 nicht nach einer Veränderung aus. Ich fühle mich ausruhen, -
906 3509 3306 3656 die nachmittägige Unruhe ist so ziemlich fort. Zum arbeiten
902 3670 3262 3788 noch keine Nötigung, doch lese ich weiter und mit Vergnügen
898 3780 3521 3910 Paleologue, sowie Dreimer.- Lili sieht gut aus; in ihrem Befinden
918 3905 3450 4043 fand ich wenig geändert; die Stimmung von beiden, abgesehen von
912 4035 3533 4180 Wohnungsschwierigkeiten, schattenlos. - Wir vertragen uns alle drei
907 4196 1507 4320 ausgezeichnet.
3562 135 3661 270 07
