3755 4706
2028 283 2866 444 Adelboden, 30.7.1926.
2089 387 2544 489 (nach Wien)
607 525 3460 659 Mein Liebes, gestern Abend schon gegen 10 - das ist hier die Posthotel-
610 694 3268 823 zeit, kam Dein schöner Brief und, so bin ich auch einmal, in aller
622 812 3350 936 Früh nach Thee, Butter und Honig, antwort ich schon. Die Berge gegen-
633 940 3324 1078 über sind heute überhaupt nicht sichtbar; bis vor einigen Minuten
611 1079 3244 1197 hat es gegossen, (der übliche Zustand) und jetzt linken die Nebel
631 1233 3491 1357 tief ins Thal. Trotzdem hab ich gestern (während einer leichten Wetter
614 1347 3394 1490 besserung) einen hübschen Spaziergang gemacht und am Abend, vor dem
607 1486 3430 1602 Diner, bin ich im Regen ein wenig unhergewandelt. Am Abend war ich mit
618 1617 3419 1718 dem 9bildrigen Stück beschäftigt, das mich in seiner ersten Hälfte an-
624 1742 3352 1899 regt und in seiner zweiten bedenklich macht. Ueberdies habe ich mir
611 1874 3467 2005 die Badner Novelle, erste Hälfte durchgesehn, wir wirklich sehr gut ist.
609 2017 3304 2128 Und so schade wäre, wenn man den Schluss verpatzte. Jedenfalls aber
592 2112 3555 2294 wird sie bis zu Herbstanfang erledigt sein. Dass sie bis zu Weihnachten
616 2249 3396 2395 als Buch erscheinen könnte, ist natürlich ausgeschlossen: zuerst muss
619 2399 3416 2510 ich sie ja xxx xxx in einer Zeitung drucken lassen
624 2519 3327 2678 und ich weiss, dass nicht immer gleich der Platz da ist! Und nun gar
610 2664 3400 2782 was den Roman anlangt!! Sollte überhaupt was darauw werden, so verhält
624 2763 3279 2924 sich die Sache chronologisch wie folgt; im besten Fall ist der Ro-
616 2942 3370 3080 gegen Weihnachten druckfertig; - ein Erscheinen in einer Zeitung - vo-
650 3056 3177 3219 rausgesetzt, dass die Verhandlungen wegen Honorar u. dgl. glatt
612 3174 3446 3317 gehen, bestenfalls Herbst 1927, in Buchform Weihnachten 27 oder Frühjahr
610 3324 3408 3434 28. (Natürlich geben die Arbeiten an andern Dingen während dieser Zeit
645 3431 3344 3586 weiter). Wie naiv mein Kind bist Du noch in diesen Fragen, trotzdem
598 3565 3337 3673 Du schon Gelegenheit hattest einige persönliche Erfahrungen zu sam-
601 3706 3365 3830 meln; - und wie sonderbar, dass Du immer denkst, ich könnte im 65. Jahr
603 3864 3401 4002 meines Lebens und im 50, meiner Arbeit meine Arbeitsweise ändern! Und
601 3983 3333 4093 alle äusserlichen Dinge sind natürlich von Jahr zu Jahr schwieriger
599 4118 3452 4243 geworden; und umso mehr müssen die Verhandlungen von Jahr zu Jahr be-
2757 4204 2933 4285 auf
606 4217 3517 4347 dachtsamer und vorsichtiger geführt werden. Ja, wenn man alles ohne wei-
3468 98 3613 286 309
