2793 3358
1694 248 2140 377 Juli 1897.
859 632 1453 775 Lieber Arthur
471 753 2528 940 Ich habe eben Ihre Ischler Adresse in der Kurliste
322 927 2403 1070 gefunden und schreib Ihnen, um Ihnen zu sagen, dass
329 1061 2380 1201 ich mich sehr, sehr freuen würde, wenn Sie bald zu
334 1179 2347 1326 uns herüberkämen denn ich möchte gerne vieles mit
349 1327 2386 1468 Ihnen sprechen und ich möchte mich überhaupt gerne
375 1481 958 1611 aussprechen
507 1564 2500 1709 Ich hoffe Sie freuen sich auch mich wiederzusehen
353 1692 2424 1874 und lassen sich nicht zu lange Zeit. Mein Leben ist
346 1841 2396 1983 wieder sehr kompliziert, aber ich bin fleissig und
371 1966 2372 2138 schreib viel. Nur kommt nichts Besonderes heraus!
356 2096 2436 2271 Bitte schön zeigen Sie mir Ihren Besuch ganz direkt
357 2239 2349 2376 vorher an, aber so wie wenn Sie unsern Aufenthalt
360 2353 2360 2500 und Adresse zufällig von jemand erfahren hätten.
368 2487 2425 2627 denn von diesen Zeilen weiss bei mir natürlich nie
364 2622 2549 2784 mand und ich möcht doch sicher zuhause sein, wenn Sie
379 2773 1408 2916 kommen. Also bitte bald!
1260 2875 2475 3026 Mit vielen freundschaftlichen
674 3053 1144 3189 Grüssen Ihr
1154 3076 1591 3213 Clara Loeb
