3742 4666
2107 280 2772 428 Wien, 10.12.1923.
2154 400 3183 500 (in Wien mit Blumen)
570 569 3387 714 Also mit dem Telefon hast  Du leider Recht gehabt, liebste Clara Katha¬
586 698 3345 859 rina, – wie magst Du es nur ohne das tägliche Morgengespräch mit dem
574 837 3440 993 Fleischhauer ausgehalten haben? Ferner, wenn Du erlaubst, schau ich mor¬
625 955 3352 1097 gen Dienstag vor meiner Helmfahrt aus der Stadt, so gegen 11 zu Dir
592 1073 3379 1202 hinauf (obwohl Du gestern so ungehalten warst, dass wir uns an einem
590 1234 3420 1371 Tag am End gleich zweimal sehen sollten), – und wir besprechen das Wei¬
592 1351 3341 1485 tere. Gestern gab's ein sehr wichtiges Gespräch mit H.J.; er hat mir
597 1497 3385 1639 bei S.F. unschätzbare Dienste geleistet (wenn auch praktisch vorläu¬
601 1622 2225 1756 fig nicht sehr viel herausgekommen ist).
608 1737 3442 1879 Leb wohl, mein Liebes, – ich bin eben nach zehn Briefen (diktiert natür¬
587 1879 2992 1992 lich), aber dies ist der einzige, der mit einem Kuss endet.
1631 1996 1834 2151 Dein
1832 2115 1914 2253 A.
