3823 2396
359 87 3453 279 Aus Arthurs Tagebuch. Von Frieda bekommen
679 461 1135 628 1896.5.3.
685 558 3240 735 Bei Loebs, Clara, dieses liebe kleine Mädel mit grossen Augen, die
672 770 3193 867 mir neulich eine sehr bemerkenswerthe Novelette geschickt hat,
687 853 3337 1055 viel Sehnsucht nach Freiheit und sicher Talent. Ich begleitete sie
688 1024 1208 1136 zum Singen.-
678 1037 3206 1297 Risa Str...... dann begleitete ich sie nach Hause, sie ging noch
681 1291 3190 1427 eine Strecke mit mir, hinter uns das Stubenmädchen und that auf
674 1409 2530 1578 Cl.L.eifersüchtig. - Und keine kann man haben.-
670 1561 2954 1698 16.2. Bei Kleins gegessen.- Bei "Loebs", mit Arthur.
687 1684 3257 1791 6.3. Vorm traf ich sie (Mz.Rh.) und gleich nachher Clara L., die
718 1810 1765 1979 ich ein Stück begleitete.
668 1921 3123 2078 16.5. S. Nachm. bei Wärndorfer. Masse Leute, Clara Loeb, lieb,
656 2090 1971 2272 Minnie B.fast nichts gesprochen
