3746 4666
3478 123 3641 262 116
2242 283 2988 481 Zürich, 18.1.1925.
2535 425 3548 601 (nach Wien,Hotel Regina)
601 526 3351 701 Liebste - von Bern aus schriebich Dir den letzten Brief und vor der
592 706 3431 841 Vorlesung, am Tag vorher glaub ich. So wil ich denn vor allem chronolo-
625 853 3335 983 gisch berichten: Am 15. Vormittag war ich bei Holzapfel (Panideal),
589 967 3271 1086 dem Philosophen, der hier in mässigen Verhältnissen und mit krankem
563 1090 3464 1198 Herzen lebt. Wir hatten uns seit 12 oder 14 Jahren nicht gesehen. Seine
620 1229 3312 1357 Frau (des Philosochen Gomperz Tochter) nahm eine Weile am Gespräch
550 1357 3329 1524 theil. (Ueber liberalismus, Menschen jener Zeit, - Schweizer Zustände) -
566 1468 3395 1662 Mittag im Hotel mit Dr. Landolt, sieht aus wie ein 17jähriger Wander-
583 1620 3365 1760 bursch. Dann in der Halle mit Sektionschef Schüller, der hier zu einer
577 1753 3341 1872 Konferenz ist, dem Gesandten (Dipauli) und einigen Herren von der Ge-
615 1873 3520 1993 sandtschaft, sowie Baron Hennet (den ich von der Hofrätin aus gut kenne).
588 2013 3453 2173 Sehr optimistische Aeusserungen des Gesandten (typisch österreichischer
600 2144 3332 2291 Aristokrat) von der guten Sorte, etwas zu charmant). Dann sprach ich
612 2273 3424 2419 Frl. Bardach (?); die s.Z.Briefe von Ibsen an sie herausgegeben hat.
577 2409 3251 2521 Ibsen nannte sieden Sonnenstrahl eines Herbstabends,uns so nunnte
575 2534 3462 2697 sie sich auch so. Ich lernte sie s.Z. (vor 12 Jahren etwa) in Garnisch
541 2673 3410 2831 kennen - da war sie dick und hysterisch; - jetzt ist sie hysterisch und
582 2808 3376 2962 mager; - denn sie bringt sich durch Lektionengeben mühselig fort. Auch
575 2940 3404 3107 hat sie im Kino Klavier gespielt - aber sie verkehrt in der "société"
571 3040 3443 3176 in Bern und der Baron Dupauli nimmt sich ihrer an. (Im Grund eine lite-
538 3182 3454 3366 rarische Wiener Jüdin, auf die der Provinzerotiker Ibsen hineingefallenx
562 3327 3442 3463 zufallen nicht ermangelte.) Jetzt möchte sie das Buch neu heraumgeben -
576 3464 3405 3582 (ein paar Seiten im ganzen) - ein bischen unerträglich und einbischen
603 3592 3289 3762 rührend.-Spaziergang mit Dr.Landoldt in den alten Strassen und zum
588 3708 1211 3859 Bärenzwinger. -
880 3809 3400 4007 Vorlesung im Casino; Saal für 4-500 Menschen, ganz gefüllt, las:
550 3930 3398 4114 Dreifache Warnung, Letzte Masken, Kakadu; - wirkte sehr. (Fand erhebliche
531 4121 3267 4278 Schlampereien im Kakadu). Dann Abend der "Freien Studentenschaft"
536 4208 3373 4389 (schauen anders aus wie unsere Hakenkreuzler und unsere Communisten -
