<?xml version="1.0" encoding="UTF-8" standalone="yes"?>
<PcGts xmlns="http://schema.primaresearch.org/PAGE/gts/pagecontent/2013-07-15" xmlns:xsi="http://www.w3.org/2001/XMLSchema-instance" xsi:schemaLocation="http://schema.primaresearch.org/PAGE/gts/pagecontent/2013-07-15 http://schema.primaresearch.org/PAGE/gts/pagecontent/2013-07-15/pagecontent.xsd">
    <Metadata>
        <Creator>prov=READ-COOP:name=TrHtr:version=0.0.6:model_id=44522:date=18_11_2022_03:23</Creator>
        <Created>2022-11-17T16:34:02.385+01:00</Created>
        <LastChange>2022-11-30T22:07:19.465+01:00</LastChange>
        <TranskribusMetadata docId="1233893" pageId="50258997" pageNr="18" tsid="105444473" status="IN_PROGRESS" userId="40391" imgUrl="https://files.transkribus.eu/Get?id=PGHPWIFPQDWOGERBTLFELGIH&amp;fileType=view" xmlUrl="https://files.transkribus.eu/Get?id=UXQVKLQKYPOIRAADFPBTKZPX" imageId="41048802"/>
    </Metadata>
    <Page imageFilename="HIN-155550_0018.tif" imageWidth="2794" imageHeight="3358">
        <ReadingOrder>
            <OrderedGroup id="ro_1670241783152" caption="Regions reading order">
                <RegionRefIndexed index="0" regionRef="r1"/>
            </OrderedGroup>
        </ReadingOrder>
        <TextRegion id="r1" custom="readingOrder {index:0;}">
            <Coords points="251,208 251,3278 2709,3278 2709,208"/>
            <TextLine id="r1l2" custom="readingOrder {index:0;}">
                <Coords points="868,313 1698,293 2020,389 2179,285 2179,167 2017,227 1832,126 1568,233 1291,134 1178,206 992,145 868,206"/>
                <Baseline points="882,288 946,287 1010,287 1074,287 1138,287 1202,287 1266,287 1330,287 1394,288 1458,288 1522,290 1586,290 1650,290 1714,291 1778,291 1842,291 1906,290 1970,288 2034,287 2098,285 2163,282"/>
                <TextEquiv>
                    <Unicode>Clarakatharina Pollaczek.</Unicode>
                </TextEquiv>
            </TextLine>
            <TextLine id="r1l3" custom="readingOrder {index:1;}">
                <Coords points="867,390 1353,427 1458,393 1596,441 1788,388 1788,312 1754,303 1548,336 1493,307 1415,341 1377,317 1264,354 1189,312 1042,302 986,339 868,312"/>
                <Baseline points="882,380 926,381 971,383 1015,384 1060,386 1104,387 1149,389 1193,389 1238,390 1282,392 1327,392 1372,392 1416,393 1461,393 1505,393 1550,392 1594,392 1639,391 1683,389 1728,388 1773,387"/>
                <TextEquiv>
                    <Unicode>erhalten 12.5.1933.</Unicode>
                </TextEquiv>
            </TextLine>
            <TextLine id="r1l4" custom="readingOrder {index:2;} date {offset:0; length:8;}">
                <Coords points="404,611 998,606 1073,644 1296,600 1475,612 1475,549 1423,528 859,548 651,487 535,539 405,533"/>
                <Baseline points="419,593 471,594 523,596 575,596 627,596 679,596 731,596 783,596 835,596 887,596 940,596 992,596 1044,596 1096,596 1148,596 1200,596 1252,596 1304,596 1356,596 1408,596 1461,597"/>
                <TextEquiv>
                    <Unicode>1.1.1896. Benedikt. Buffet.</Unicode>
                </TextEquiv>
            </TextLine>
            <TextLine id="r1l5" custom="readingOrder {index:3;}">
                <Coords points="461,745 2414,773 2524,750 2525,660 461,644"/>
                <Baseline points="476,725 577,725 679,725 781,725 882,725 984,725 1086,726 1187,726 1289,726 1391,726 1493,728 1594,728 1696,728 1798,728 1899,728 2001,728 2103,729 2204,729 2306,729 2408,729 2510,729"/>
                <TextEquiv>
                    <Unicode>»Kleines Mädel mit blitzenden Augen Cl.L. Ich kenne</Unicode>
                </TextEquiv>
            </TextLine>
            <TextLine id="r1l6" custom="readingOrder {index:4;}">
                <Coords points="419,880 2644,891 2719,767 419,811"/>
                <Baseline points="434,855 547,857 661,857 774,857 888,858 1001,858 1115,858 1228,858 1342,858 1455,858 1569,858 1683,858 1796,858 1910,858 2023,858 2137,858 2250,858 2364,858 2477,859 2591,860 2705,860"/>
                <TextEquiv>
                    <Unicode>Sie. Sie; ›Gewiss, weil ich Sie immer anlache, wenn wir </Unicode>
                </TextEquiv>
            </TextLine>
            <TextLine id="r1l7" custom="readingOrder {index:5;}">
                <Coords points="441,1016 2672,1034 2724,933 441,944"/>
                <Baseline points="455,984 567,986 680,986 793,987 905,987 1018,987 1131,988 1243,989 1356,989 1469,989 1582,989 1694,989 1807,989 1920,989 2032,989 2145,989 2258,989 2370,989 2483,989 2596,989 2709,989"/>
                <TextEquiv>
                    <Unicode>uns auf der Strasse begegnen.‹ Trank Champagner mit </Unicode>
                </TextEquiv>
            </TextLine>
            <TextLine id="r1l8" custom="readingOrder {index:6;}">
                <Coords points="437,1143 2300,1164 2541,1143 2541,1036 437,1065"/>
                <Baseline points="450,1119 553,1119 657,1119 761,1119 865,1119 969,1119 1072,1119 1176,1119 1280,1119 1384,1119 1488,1119 1591,1119 1695,1119 1799,1119 1903,1119 2007,1119 2110,1119 2214,1119 2318,1119 2422,1119 2526,1121"/>
                <TextEquiv>
                    <Unicode>Cognac. Angenehme Empfindung befriedigter Eitelkeit.</Unicode>
                </TextEquiv>
            </TextLine>
            <TextLine id="r1l9" custom="readingOrder {index:7;}">
                <Coords points="429,1260 2475,1278 2475,1191 429,1205"/>
                <Baseline points="443,1245 543,1245 644,1245 745,1245 846,1245 947,1246 1048,1247 1148,1247 1249,1247 1350,1247 1451,1248 1552,1248 1653,1248 1754,1248 1854,1248 1955,1248 2056,1248 2157,1248 2258,1248 2359,1248 2460,1248"/>
                <TextEquiv>
                    <Unicode>Das kleine Mädel entzückt mich. Sie verspricht mir</Unicode>
                </TextEquiv>
            </TextLine>
            <TextLine id="r1l10" custom="readingOrder {index:8;}">
                <Coords points="448,1384 2522,1413 2523,1332 448,1321"/>
                <Baseline points="462,1374 564,1374 666,1374 768,1376 871,1376 973,1376 1075,1377 1178,1377 1280,1377 1382,1379 1485,1379 1587,1379 1689,1379 1791,1380 1894,1380 1996,1380 2098,1380 2201,1379 2303,1379 2405,1379 2508,1377"/>
                <TextEquiv>
                    <Unicode>selbstverfasste Sachen zu schicken und ist sehr zu¬</Unicode>
                </TextEquiv>
            </TextLine>
            <TextLine id="r1l11" custom="readingOrder {index:9;}">
                <Coords points="446,1530 487,1528 504,1510 556,1540 640,1512 681,1538 721,1527 750,1545 785,1516 872,1509 873,1442 832,1439 789,1461 751,1444 707,1463 690,1446 609,1442 571,1462 537,1433 517,1453 447,1455"/>
                <Baseline points="461,1500 487,1500 513,1502 540,1502 566,1502 593,1502 619,1503 645,1503 672,1503 698,1503 725,1503 751,1503 777,1503 804,1505 830,1505 857,1506"/>
                <TextEquiv>
                    <Unicode>traulich.«</Unicode>
                </TextEquiv>
            </TextLine>
            <TextLine id="r1l12" custom="readingOrder {index:10;} date {offset:0; length:9;}">
                <Coords points="450,1651 2542,1678 2541,1545 2382,1598 1824,1532 1135,1606 449,1559"/>
                <Baseline points="465,1629 568,1631 671,1632 774,1632 877,1634 980,1634 1083,1635 1187,1635 1290,1635 1393,1635 1496,1635 1599,1635 1702,1634 1805,1634 1909,1632 2012,1632 2115,1631 2218,1629 2321,1628 2424,1626 2528,1625"/>
                <TextEquiv>
                    <Unicode>16.2.1896. »Bei L. mit Arthur.« (Arthur Kl. gemeint)</Unicode>
                </TextEquiv>
            </TextLine>
            <TextLine id="r1l13" custom="readingOrder {index:11;} date {offset:0; length:8;} supplied {offset:10; length:1;}">
                <Coords points="439,1807 2520,1815 2520,1714 2320,1693 1122,1738 439,1680"/>
                <Baseline points="453,1763 555,1764 658,1764 760,1766 863,1766 966,1766 1068,1766 1171,1767 1273,1767 1376,1767 1479,1767 1581,1767 1684,1769 1786,1769 1889,1769 1992,1769 2094,1770 2197,1770 2299,1770 2402,1772 2505,1772"/>
                <TextEquiv>
                    <Unicode>5.3.1896. »Bei L. Cl., dieses liebe kleine Mädel mit</Unicode>
                </TextEquiv>
            </TextLine>
            <TextLine id="r1l14" custom="readingOrder {index:12;}">
                <Coords points="439,1924 2641,1922 2636,1840 440,1809"/>
                <Baseline points="453,1892 561,1892 670,1892 779,1892 888,1893 996,1893 1105,1895 1214,1895 1323,1896 1431,1896 1540,1898 1649,1898 1758,1899 1866,1900 1975,1901 2084,1902 2193,1902 2301,1902 2410,1904 2519,1904 2628,1904"/>
                <TextEquiv>
                    <Unicode>grossen Augen, die mir neulich eine sehr bemerkenswerte</Unicode>
                </TextEquiv>
            </TextLine>
            <TextLine id="r1l15" custom="readingOrder {index:13;}">
                <Coords points="430,2035 2519,2077 2520,1964 2451,1958 431,1960"/>
                <Baseline points="444,2018 547,2020 650,2022 753,2023 856,2024 959,2025 1062,2027 1165,2027 1268,2028 1371,2028 1474,2030 1577,2030 1680,2030 1783,2031 1886,2031 1989,2033 2092,2033 2195,2033 2298,2034 2401,2036 2505,2036"/>
                <TextEquiv>
                    <Unicode>Novelle geschickt hat; viel Sehnsucht nach Freiheit</Unicode>
                </TextEquiv>
            </TextLine>
            <TextLine id="r1l16" custom="readingOrder {index:14;}">
                <Coords points="447,2168 2201,2210 2458,2180 2459,2075 1967,2130 448,2090"/>
                <Baseline points="462,2147 561,2150 660,2151 759,2153 858,2154 957,2156 1056,2156 1155,2157 1254,2157 1353,2157 1453,2159 1552,2159 1651,2159 1750,2159 1849,2160 1948,2160 2047,2162 2146,2162 2245,2163 2344,2165 2444,2166"/>
                <TextEquiv>
                    <Unicode>und sicher Talent. Ich begleitete sie zum Singen.«</Unicode>
                </TextEquiv>
            </TextLine>
            <TextLine id="r1l17" custom="readingOrder {index:15;} date {offset:0; length:9;}">
                <Coords points="444,2288 677,2354 814,2285 2590,2343 2591,2253 2510,2235 445,2204"/>
                <Baseline points="458,2286 569,2285 681,2283 792,2283 904,2283 1015,2283 1127,2285 1238,2285 1350,2286 1461,2288 1573,2289 1684,2291 1796,2292 1907,2294 2019,2295 2130,2297 2242,2298 2353,2300 2465,2301 2577,2301"/>
                <TextEquiv>
                    <Unicode>15.3.1896. »Zu Strisowers um 12. Zwischen Cl.L. und R.</Unicode>
                </TextEquiv>
            </TextLine>
            <TextLine id="r1l18" custom="readingOrder {index:16;}">
                <Coords points="445,2427 2270,2459 2609,2448 2610,2393 2341,2332 1765,2390 446,2355"/>
                <Baseline points="458,2409 564,2411 671,2411 778,2412 885,2412 992,2414 1098,2415 1205,2417 1312,2418 1419,2419 1526,2420 1632,2421 1739,2423 1846,2424 1953,2426 2060,2427 2166,2428 2273,2429 2380,2430 2487,2430 2594,2432"/>
                <TextEquiv>
                    <Unicode>Str. Cl. erzählt mir ihre Stoffe, ernst mit blitzenden</Unicode>
                </TextEquiv>
            </TextLine>
            <TextLine id="r1l19" custom="readingOrder {index:17;}">
                <Coords points="431,2567 2390,2597 2633,2582 2634,2498 432,2474"/>
                <Baseline points="446,2538 554,2539 663,2540 771,2541 880,2543 989,2544 1097,2545 1206,2546 1314,2547 1423,2549 1532,2550 1640,2552 1749,2553 1857,2555 1966,2556 2075,2558 2183,2559 2292,2561 2400,2562 2509,2562 2618,2564"/>
                <TextEquiv>
                    <Unicode>Augen. Risa eifersüchtig und heiss. - - - M.B. am sel¬</Unicode>
                </TextEquiv>
            </TextLine>
            <TextLine id="r1l20" custom="readingOrder {index:18;}">
                <Coords points="436,2682 797,2688 889,2722 1093,2691 1364,2716 1399,2708 1401,2621 437,2610"/>
                <Baseline points="450,2667 496,2669 543,2670 590,2672 637,2673 684,2675 730,2675 777,2676 824,2677 871,2678 918,2679 964,2679 1011,2681 1058,2681 1105,2682 1152,2682 1198,2682 1245,2684 1292,2684 1339,2684 1386,2684"/>
                <TextEquiv>
                    <Unicode>ben Tisch, sympathisch.</Unicode>
                </TextEquiv>
            </TextLine>
            <TextLine id="r1l21" custom="readingOrder {index:19;}">
                <Coords points="239,2998 426,2903 844,2981 1158,2902 2579,2881 2577,2762 2176,2845 237,2821"/>
                <Baseline points="251,2897 366,2901 482,2903 598,2904 713,2906 829,2906 945,2906 1060,2904 1176,2903 1292,2901 1408,2900 1523,2897 1639,2895 1755,2892 1870,2889 1986,2887 2102,2885 2217,2882 2333,2879 2449,2877 2565,2876"/>
                <TextEquiv>
                    <Unicode>eigenhändige Maschinen-Abschrift von Frieda</Unicode>
                </TextEquiv>
            </TextLine>
            <TextLine id="r1l22" custom="readingOrder {index:20;}">
                <Coords points="299,3048 1396,3050 1477,3100 1746,3043 1856,3093 2220,3040 2221,2953 1460,2999 1327,2949 1199,3009 1084,2936 864,2996 415,2916 299,2982"/>
                <Baseline points="315,3027 409,3032 504,3035 598,3038 693,3039 788,3041 882,3042 977,3042 1071,3042 1166,3042 1261,3042 1355,3041 1450,3041 1544,3041 1639,3039 1734,3039 1828,3041 1923,3041 2017,3042 2112,3045 2207,3048"/>
                <TextEquiv>
                    <Unicode>Pollak aus Arthur Schnitzlers Tagebuch.</Unicode>
                </TextEquiv>
            </TextLine>
            <TextLine id="line_1668710582644_528" custom="readingOrder {index:21;}">
                <Coords points="286,3148 2392,3182 2392,3075 285,3067"/>
                <Baseline points="300,3132 326,3132 353,3132 379,3132 406,3131 433,3131 459,3133 486,3134 513,3137 633,3167 720,3165 807,3164 894,3162 982,3161 1069,3158 1156,3156 1244,3155 1331,3153 1418,3152 1506,3150 1593,3149 1680,3147 1767,3147 1855,3146 1942,3146 2029,3146 2117,3146 2204,3147 2291,3149 2379,3150"/>
                <TextEquiv>
                    <Unicode>C. L. Clara Loeb mein Mädchennahme)</Unicode>
                </TextEquiv>
            </TextLine>
            <TextLine id="r1l25" custom="readingOrder {index:22;}">
                <Coords points="258,3231 2434,3270 2434,3151 2246,3214 1540,3157 842,3218 258,3156"/>
                <Baseline points="272,3224 379,3231 486,3237 594,3242 701,3245 809,3248 916,3249 1023,3249 1131,3249 1238,3249 1346,3249 1453,3248 1560,3248 1668,3246 1775,3246 1883,3246 1990,3248 2097,3248 2205,3251 2312,3254 2420,3258"/>
                <TextEquiv>
                    <Unicode>R. Th (Risa Strisower) M. B. (Minnie Benedict)</Unicode>
                </TextEquiv>
            </TextLine>
            <TextEquiv>
                <Unicode>Clarakatharina Pollaczek.
erhalten 12.5.1933.
1.1.1896. Benedikt. Buffet.
»Kleines Mädel mit blitzenden Augen Cl.L. Ich kenne
Sie. Sie; ›Gewiss, weil ich Sie immer anlache, wenn wir 
uns auf der Strasse begegnen.‹ Trank Champagner mit 
Cognac. Angenehme Empfindung befriedigter Eitelkeit.
Das kleine Mädel entzückt mich. Sie verspricht mir
selbstverfasste Sachen zu schicken und ist sehr zu¬
traulich.«
16.2.1896. »Bei L. mit Arthur.« (Arthur Kl. gemeint)
5.3.1896. »Bei L. Cl., dieses liebe kleine Mädel mit
grossen Augen, die mir neulich eine sehr bemerkenswerte
Novelle geschickt hat; viel Sehnsucht nach Freiheit
und sicher Talent. Ich begleitete sie zum Singen.«
15.3.1896. »Zu Strisowers um 12. Zwischen Cl.L. und R.
Str. Cl. erzählt mir ihre Stoffe, ernst mit blitzenden
Augen. Risa eifersüchtig und heiss. - - - M.B. am sel¬
ben Tisch, sympathisch.
eigenhändige Maschinen-Abschrift von Frieda
Pollak aus Arthur Schnitzlers Tagebuch.
C. L. Clara Loeb mein Mädchennahme)
R. Th (Risa Strisower) M. B. (Minnie Benedict)</Unicode>
            </TextEquiv>
        </TextRegion>
    </Page>
</PcGts>
