3786 4727
2427 271 3144 398 22.3.1929. Berlin.
2475 384 3131 495 5 Uhr Nachmittag.
591 556 3363 659 Liebstes, ich sende meinem Vormittagsbrief noch ein paar Zeilen nach.
602 689 3484 810 Die Situation hat sich gebessert. Mittag war Herald (Deutsches Theator)
631 816 3449 944 und Bergner bei mir. Reinhardts Aspiration auf die Else bleiben die be¬
610 937 3357 1045 stimmtesten. (Er selbst kommt heute Abend an). Als H. fort war, sagte
607 1057 3340 1199 mir El., was sie mir vor H. nicht sagen wollte – dass sie mich um 7
613 1211 3346 1316 erwarte – Dr. Klein sei bei ihr – der nun wieder lebhaftes Interesse
662 1348 3252 1507 an der Else zeige. Auch Neppach wird dort sein.– Spaziergang mit
612 1434 3498 1569 Elisabeth Bergner im Thiergarten, dann speiste sie mit mir in der Espla¬
656 1599 3310 1738 nadebar.– Um 8 fahre ich in die »Komödie« – das Theater, in dem
609 1730 3259 1830 Else – falls wir uns mit den Reinhardtleuten einigen – aufgeführt
614 1863 3328 2025 werden sollte und das ich noch nicht kenne. Ins Theater geh ich mit
609 1974 3385 2108 den Michaelialis – statt bei ihnen zu soupieren wie ursprünglich bestimmt
604 2099 2974 2267 war. Alles nähere morgen, ev. telefonier ich noch Sonntag.
603 2255 2812 2413 Ich umarme Dich tausendmal. Von ganzem Herzen Dein. A.
