2793 3358
1095 375 1157 465 2.
380 540 779 663 fern lag.
381 688 2349 821 Da ich aber durchaus heiraten wollte gewöhnte ich
386 813 2216 928 mich langsam an O.P. der schliesslich jung und
387 955 2475 1079 einen unleugbaren Charm hatte, trotz seiner grossen
382 1068 2334 1194 Ungezogenheiten. Meine Schwester und ich machten
386 1185 2426 1350 noch ein paar Radfahrpartien mit Arthur Schnitzler
386 1345 2540 1481 und Felix Salten, aber im ganzen liess ich aus einem
375 1472 2373 1621 inneren Reinlichkeitsgefühl selbst diese so harm-
383 1598 2303 1737 lose Freundschaft langsam einschlafen, sah A. S.
375 1757 2325 1865 nur hie und da einmal im Hause meine Eltern oder
379 1880 2335 2013 in andern Gesellschaften und zum letzten Mal auf
367 1990 2238 2136 lange hinaus bei meiner Trauung am 10. Mai 98.
363 2127 2329 2308 wo er neben Georg Hirschfeld im Tempel stand und
357 2260 1251 2415 mir die Hand drückte.
