3742 4662
591 289 817 442 1928
1758 284 2134 517 gebn
601 510 874 618 25. 12.
594 633 1456 776 Heute Abend bei ihm.
602 726 3397 890 26.12. Und nun ist er fort. Ich war auch heute zu Tisch und bis 4 Uhr
601 893 3535 1004 bei inn. Um 6 Uhr ging sein Zug. Mich muss mich erst an den Gedanken ge-
610 1040 3566 1165 wöhnen, dass er fort ist. Und gleich nach seiner Abreise brachte mir Minna
656 1165 3543 1299 einen Strauss Flieder in seinem Auftrag. Ich finde das rührend lieb von
609 1301 804 1404 ihm.
592 1417 1898 1553 Henry und Fredi zum Abendessen.
598 1547 3506 1669 27.12. Zuhause. Innere Unruhe. Vergeblicher Versuch zu arbeiten. Um die
598 1682 3462 1808 Mittagszeit kurzer Spaziergang, treffe Salten und Gattin. Bitte sie für
606 1818 3339 1939 den 3. zum Thee. Lade telefonisch Sil Vara und seine Freundin dazu.
601 1937 1718 2079 Sie nehmen sehr erfreut an.
608 2063 1765 2242 Abend Otto und Anna bei mir.
604 2182 3381 2318 28.12. Vormittag zuhause. Nachmittag bei Alma Mahler, langes Gespräch
595 2313 3292 2445 mit Werfel über meine Gedichte. Er findet, ich nütze meine lyrische
601 2475 3283 2619 Begabung nicht genügend aus. Einige meiner Gedichte vollendet, und
603 2590 3318 2734 auch bei den schwächerem Gedichten starkes musikalisches Empfinden.
612 2717 3247 2845 Komische Wirtschaft dort. Mischung von Boheme und Bürgerlichkeit.
598 2877 3447 2980 Beim Fortgehen Alma wieder sehr ausfällig gegen die O. Ich betone, dass
595 2987 3299 3098 die Existenz der O. für mich ganz bekanglos ist und mir A.'s Reise
600 3122 3402 3289 nach Berlin nur wegen der Möglichkeiten von Erkältungen und Aufregun-
606 3265 3409 3411 gen zuwider ist. Es waren viele Maler dort, mit denen Alma per Du ist,
605 3376 3492 3489 aber auch mit einer Art Diener ist sie per Du (17 Jahre alt und schlam-
595 3504 1602 3649 pert). Eine andere Welt!
598 3610 3517 3801 30.12. Harry zu Tisch, sonst den ganzen Tag allein. Meinem Mädchen gekün-
601 3753 841 3894 digt.
583 3908 3368 4044 31.12. Einsamer Sylvesterabend. Brief von A. Sehr lieb, aber er kommt
600 4051 3330 4210 erst nächste Woche zurück. Düstere Stimmung meinerseits. Um 11 Uhr
592 4159 1625 4318 mit Schlafmittel zu Bett.
