3759 4687
153 93 280 237 17
631 352 1443 579 Wien 30 August 1931
518 545 3561 683 Liebes Kind, - Um diese nun einundeinhalbes Jahr andauernden Discussionen zu
531 691 2403 835 zum Abschluss zu bringen, nur ein paar Worte.
532 809 3487 946 Ich finde wie Du weisst seit geraumer Zeit, aus den natürlichsten Gründen
524 988 3574 1102 dass die Beziehung zwischen dir und mir, nur auf der Basis Freundschaft und
522 1075 3417 1188 Freiheit fortgesetzt werden kann. Warum eine sache Beziehung durchaus
558 1184 3411 1373 eine " Schweinerei wein muss ist für einen logisch denkenden Menschen,
526 1356 3440 1462 durchaus nicht einzusehen, - umsomehr als ja für keinen der beiden Teile,
532 1420 3581 1655 eine Verpflichtung zu irgend welchen Beziehungen, welcher Art immer nicht b
533 1635 3458 1791 besteht. Dass sie ihm nicht verwehrt sein dürfte, ist ebenso selbstver-
532 1724 946 1866 ständlich
529 1804 3496 2016 Im übrigen ist es und wird es immermehr, - nicht nur aus seelischen Grün-
532 2019 3377 2132 den das wichtigste für mich in relativer Ruhe arbeiten zu können; - und
530 2120 3587 2291 schon aus Selbsterhaltungstrieb bitte ich dich, auf weitere Unterhaltungen
529 2236 2007 2430 über dieses Thema nicht zu bestehen.
541 2398 3610 2504 Über gewisse äussere Voraussetzungen deiner und meiner Existenz und unseres
538 2509 3535 2683 Vekehrs sprechen wir sobald es dir genehm ist, - die inneren - es ist mein
537 2661 2704 2767 innigster Wunsch, werden sich dann von selbst ergeben
1845 2837 2186 2969 Arthur.
3527 125 3637 292 242
