3746 4638
616 276 1259 458 Tgb. 22.8.1930.
581 466 3335 618 Heute Vormittag Stadt Besorgungen, die mich ermüden und nicht freuen.
578 601 3156 762 Nachmittag Frieda, irmitante Gespräche und Diktat. Abend allein.
579 726 3408 897 24.8. Abschiedsbesuche. Beisammensein mit Cary, innig wie immer. Meine
576 896 3441 1013 Empfindungen für Cary sind eigentlich die einzigen, die etwas von wirk-
590 1013 3499 1171 licher Zugehörigkeit haben. Aber er gehört seiner Frau und ich finde das
591 1136 3445 1288 ganz richtig. A. 2 Tage nicht gesehen, ich bin erst heute Abend mit ihm.
587 1278 3349 1410 25.8. Gestriger Abend Kino, vorher Spazierfahrt Cohenzl, dann bei ihm.
577 1393 3281 1556 Alles still, trübselig. Was in ihm vorgeht weiss ich nicht und noch
630 1523 3430 1667 weniger, was er von dieser Reise erwartet. Ich kann nicht mehr denken.
579 1668 1344 1820 Fühle mich krank.
551 1800 1368 1932 Marienbad 26.8.1930.
532 1945 3319 2105 Strahlender Himmel, blau-auch nicht ein einziges Wölkchen, wundervolle
527 2059 3428 2265 Luft weht beim Coupéfenster herein. Er und ich acht Stunden lang allein
580 2201 3424 2333 er und ich- und kein einziges Wärmeres Wort. Man macht Konversation, man
584 2301 3350 2516 isst, man liest (ich habe einen ganzen Roman von Joe Lederer ausgele-
570 2436 821 2582 sen).
520 2577 3361 2767 Ankunft Hotel Weimar, reserviertes Appartement im 4.Stock. Ich bin sehr
519 2732 3373 2894 müde und lasse ihn vor dem Abendessen allein spazieren gehen. Nach dem
513 2850 3277 3016 Nachtmahl sagt er: "Du gehst wohl gleich schlafen, -ich bleibe in der
514 2977 3336 3111 Halle". "Ja", antworte ich. -Hinauf, Türe zu, abgesperrt, Riegel vor, zwei
515 3085 1285 3242 Phanodorm, zu Bett.
525 3245 3328 3406 27.8.Ebenso schönes Wetter. Ich kümmere mich nicht um ihn bis er mich
518 3364 3284 3538 um 10 Uhr holen kommt mit Veilchen in der Hand. Wir sind beide sehr
509 3519 3393 3678 freundlich. Zum Arzt wegen Diät, dann 2stündiger Spziergang, Martal. Kon-
1028 3582 1459 3687 nehui
505 3634 3387 3832 versation, die l### mühsam wird. Mittagessen bei Winterlink, Gespräche
500 3778 3390 3938 sehr literarisch, Corday, Zug der Schatten etc. Dann eine Weile in seinem
509 3872 3228 4044 Zimmer. - Um 17 circa wird er mich holen, bin neugierig, wie das weiter
497 3997 1034 4156 werden soll.
486 4137 3384 4345 Abend 11. Im Kino (Der Mädchenhirt), dann Teplerhaus genachtmahlt, durch
