3771 4654
767 253 1380 404 Tgb. 18.3.1931.
760 425 3411 559 Abends A. zuliebe im Kino "Stürme über dem Mont Blanc", so traurig
707 537 2806 665 und trostlos wie das Leben. Dann allein nach Hause.
698 621 3529 810 19.3. Cary Bluttransfusion, nachher Schüttelfpost, 40 Grad, gegen Abend
715 785 2494 939 Besserung, 36.9. Wenn ich nur hoffen könnte.
715 918 3461 1060 Bei A., der sehr lieb zu mir war. Musste so viel geschehen, um sein
720 1041 1486 1206 Herz aufzurütteln.
736 1202 3538 1358 20.3.Morgens Schüttelfrost, 40 Grad, sehr schlecht. Ich bin in Verzweif-
733 1314 3078 1444 lung. Abend 39.9. A. kurz bei mir. Ich wollte allein sein.
727 1465 3406 1608 21.3. Bezwerer Morgenbericht, gut geschlafen, 38 Grad.-Mittag wieder
722 1586 3523 1721 39.5 -, Brechreiz. Abend allein. Erster Frühlingstag!! Laue Luft, Sonne,
770 1714 1811 1878 und dabei so schmerzlich.
728 1813 3445 1965 22.3. Morgentemperatur 37.9 und grosse Mattigkeit. Gegen Mittag mit
756 1973 3550 2127 A. kurzer Spaziergang, dann zu Carry, der frischer ist, Temperatur 38.3.
707 2132 3453 2262 A. wieder zur Clauser, wo er zu Tisch gebeten ist, zum zweiten Mal in
746 2241 3446 2389 dieser Woche! Aber alles was er tut liegt meinen Sorgen und meinem
708 2378 3549 2513 Kummer zu fern. Er kann mir nichts nehmen, aber auch nicht mehr geben,
718 2506 3352 2652 trotz aller Aufmerksamkeit und Liebenswürdigkeit-nichts. Es kommt
709 2644 3515 2773 nichts aus den Herrn, nur aus dem Gefühl von Schuld und Verpflichtung.
703 2779 3548 2887 Ich täumche mich nur manchmal und dann fühle ich doch wieder die Wirk-
716 2879 2503 3041 lichkeit. Mein lieber Gott, mach Carry gesund!
710 2987 3530 3153 23.3. Carry Morgentemperatur 37.9. Schwips mit Lokayer 1874 von einem
707 3152 3387 3283 anonymen Spender, ich glaube von meinem alten Freund Globoznik, aber
706 3279 3511 3405 Carry lacht mich aus und wagt: „Von einem einfachen Mann aus dem Ambu¬
703 3382 1122 3546 latorium."
694 3541 3464 3690 Mittag 39 -39.2, leichte Uebelkeit. Im Ganzen Besserung. Am Abend mit
701 3638 2625 3821 A. Kino "Afrika spricht", dann allein nach Haus.
748 3774 3551 3930 24.3. Früh 38.2-Mittag 39.5, aber Appetit und Allgemeinbefinden sehr g
706 3952 3385 4103 gut. Abend A. bei mir, sehr ermüdet von Filmgesprächen, Radio zuge-
699 4060 3540 4190 hört. Am 21. Mai sollen Heini und Ruth für 6 Wochen herkommen. Was steht
689 4201 3305 4359 mir da wieder bevor. Auf Heini würde ich mich sehr freuen,obwohl
3561 94 3671 236 152
