3759 4630
538 254 754 411 1928
531 470 787 594 22. 3.
540 596 1501 733 Alma Mahler, A. und ich.
547 694 3440 862 Wie merkwürdig, dass ich in Hofmannsthal einst verliebt war, daß wir uns
549 846 3343 960 küssten. Ein Herr mit einem bösen Zug um den Mund und etwas posierend.
503 979 3384 1107 Werfel sympathisch, mit gütigen blauen Augen in seinem Schubert-Gesizht.
538 1146 3343 1233 Alma stürmisch lieb und herzlich, verleugnet ihre Freundschaft für 0.,
557 1226 3399 1390 schimpft auf sie. Ich glaube sie (nämlich Alma) ist kein verlässlicher
553 1399 993 1519 Charakter.
507 1605 3356 1802 Noch hübscherer Abend bei A.Anstatt Hofmannsthal Raoul Auernheimer und
549 1747 3328 1908 Horch (Josefstädtertheater). Werfel, Alma noch herzlicher zu mir. Ich
568 1899 1961 2048 soll Werfel meine Gedichte senden.
555 2027 3421 2167 Im Theater mit A. bei "Robert et Marianne" von Geraldy. Friedlich, aber
566 2165 3491 2275 ohne Herzlichkeit. A. erzählt mir, Alma habe ihm gesagt, sie empfinde mich
551 2292 2119 2405 noch entzückender als vor 20 Jahren???
543 2421 3490 2552 27.3. Nachmittag. Bei Salten zu Ehren Géraldys. Viele Menschen. Hofstaat
559 2562 3419 2693 um Castiglioni. Pfui Teufel! Viel mit Werbel gesprochen. Sil
557 2721 3492 2831 Vara kennen gelernt. Nachher mit A. im Kino. Wir behandeln uns gegensei-
526 2821 3418 2960 tig sehr gut mit Schonung, fast mit Zärtlichkeit, aber der wirkliche Elan
1073 2914 1280 3008 fort
489 2945 3283 3072 fehlt. Er klagt über Befinden und Nerven. Ich rate ihm für ein paar
559 3076 3422 3181 Tage zu Lili nach Venedig zu fahren, Er sagt, nach Ostern. Wenn er nett
518 3212 3235 3343 wäre, würde er mich auf der Rückreise in Meran oder sonstwo treffen.
563 3399 3451 3613 Also, er fährt am 13. nach Triest, trifft Lili und macht mit ihr eine See-
555 3619 3302 3754 reise - Athen, Constantinopel. Von mir nicht die Rede. Beschlossen -
484 3721 3311 3838 mir mitgeteilt. Ich sage kein Wort. Auch der Schwiegersohn fährt mit.
554 3850 3250 3996 Lili wollte sich nicht von ihm trennen. Ich schweigenschweige. Die
491 3984 3333 4154 zweite grosse Seereise, die er in den sechs Jahren mit Lili macht. Ein
546 4126 3424 4315 18 jähriges Geschöpf, das ohne Rücksicht auf die Trennung vom Vater den
3560 98 3672 259 94
