3702 4666
637 304 1337 484 An A.S., Schweiz.
2164 318 3346 494 Wien, 18.1.1925.Hotel Regina.
636 597 1051 764 Liebster,
1015 736 3213 861 also ich bin gestern richtig noch mit der Novelle "Der
649 855 3450 975 ewige Student" fertig geworden und habe vorläufig kein schlechtes Ge-
682 990 3414 1122 fühl. Allerdings werden sie vielehleute unerquicklich finden und ich
614 1147 3339 1268 h offe nur, dass das kein Hindernis bei der Neuen freien Presse sein
694 1252 3350 1386 wird, denn ich brauche Geld. Ich bin schon sehr neugierig auf Dein
680 1393 3430 1534 Urteil.- Ich habe dann gestern noch am "Spaziergang im Mondenschein"
654 1507 3410 1692 herumkorrigiert, die mit "zu plötzlich" bezeichnete Stelle geändert.
1163 1636 3281 1805 Ganz in Deinem Sinn würde die Novelle erst sein, wenn
632 1809 3344 1940 ich sie für die Bühne unarbeiten würde, was sicher einmal geschehen
637 1895 900 2040 wird.
1161 2017 3405 2192 Heute Mittag essen Otto und Emy hier mit mir, Nachmittag
678 2184 3293 2336 bin ich bei Magda Kl. und um 17 kommt Frieda und ich diktiere, so
628 2296 1509 2457 lange sie es aushält.
2352 2408 2622 2572 19.1.
616 2548 3231 2694 Heute kamen zwei Karten aus St.Gallen und eine aus Zürich, leider
635 2703 3312 2850 ohne Angabe, wohin ich weiter schreiben soll. Gestern bei Magda Kl.
676 2845 3388 2979 ganz nett. Andele Bl. führte das grosse Wort und ich trat ihr zwei-
623 2968 3393 3111 mal recht scharf entgegen, was sie einigermassen verblüffte. Ich ver-
626 3100 3355 3243 trage diese Frauen nicht, die sich so gerne reden hören und es immer
629 3226 3274 3340 auf Kosten Anderer tun, die nicht dabei sind und sich nicht wehren
606 3341 951 3463 können.
1097 3463 3261 3625 Alle fanden mich brillant aussehend; vielleicht wirkt
633 3604 3425 3783 das Arsenik, denn ansonsten fühle ich mich gar nicht so besonders. Ich
625 3746 3170 3879 bin bestimmt überarbeitet. Gestern diktierte ich bis 1/4 12, wir
617 3864 3228 3990 mussten leider aufhören, da Frl.Frieda Schmerzen im Arm hatte. Am
622 3999 3431 4183 Nachmittag bin ich bei Lotte M., am Abend bei Pgs. in der Gusshausstr.
3466 129 3603 284 119
