3770 4694
2192 225 3227 434 Hobenschwangau, 31.8.1928.
722 433 3364 613 Mein Liebes, gestern Mittag sind Heini und Ruth abgereist; es war
749 619 3475 737 ein Regentag und erst gegen Abend war es möglich ein Stündchen spa-
763 680 3487 853 zieren zu gehen. Heute unsicheres Wetter, immerhin Sonne und herbst-
793 848 3628 1014 liche Frische. Gestern hab ich das Spiel der Sommerlüfte durchgesehen; -
745 974 3485 1117 gegen die Führung ist nichts einzuwenden; - aber es fehlt noch (wenig-
754 1101 3330 1271 stens an wichtigen Stellen (idie Atmosphäre - das Sommerlüftige,-
733 1252 3376 1378 auf das es vor allem ankommt - Und es brauchte eine ganz besonders
670 1360 3355 1532 eine freie Stimmung, um dies unfassbare herauszubringen. Immerhin
790 1492 3374 1652 bleibt es von den drei Stücken das am weitesten entwickelte; mit
776 1610 2105 1790 den geringsten äussern Chancen.-
740 1747 3497 1884 Wir reisen voraussichtlich morgen Abend nach München und werden dort
737 1873 3344 2027 mit Michaelis, die ihre Reise gleichfalls vorgeschoben haben, wegen
720 2030 3408 2211 Regenwetter, ein bis zwei Tage verbringen. So werdeich voraus sicht-
717 2115 3322 2305 lich schon Dienstag in Wien sein. Liebste - ich bitte Dich, keine
732 2304 3326 2433 Blumen, -ich weiss, dass Du Dich ein bischen freust mich wiederzu-
753 2446 3366 2584 sehen - und Du meisst es auch von mir - wenn ich auch nicht viel
774 2558 3430 2677 darüber zu reden vermag.-Ich habe den besten Willen mein Leben mit
708 2690 3457 2848 möglichst viel Sinn weiter zu führen; Du kannst mir dazu verhelfen -
708 2802 3429 2958 Du willst es auch - und ich werde Dir dafür und für Deine Liebe und
745 2930 3345 3077 Deine Nachsicht mit meinem ganzen Herzen so weit es lebendig ist
702 3072 3442 3244 danken. Mein Liebes, ich sende diesen Brief express, da er wohl Sonn-
755 3189 3397 3361 tag in Wien anlangen dürfte. Ich hoffe Dich bei gutem Befinden und
714 3319 3283 3482 in guter Stimmung wiederzufinden und umarme Dich sehr zärtlich.
702 3436 3506 3640 Du erhältst Montag jedenfalls noch eine Nachricht. Für heute, Liebste,
691 3566 1313 3715 lebwohl. Dein
1844 3603 1984 3804 A.
1731 3793 1944 3950 ----
3622 138 3705 320 24
