3787 4730
1911 318 2557 440 Berlin, 5.1.1929
1829 425 2634 555 nach dem Frühatück.
620 561 3497 680 Mein Liebes, also Elisabeth hat sich doch wieder gemeldet - während ich
623 665 3373 802 nicht im Hotel war - dann war sie wieder nicht zu erreichen; und ich
631 791 3550 941 hab ihr geschrieben, dass ich heute zwischen 10 und 11 Uhr Anruf erwarte.
627 937 3428 1077 Und gestern hat sich auch das Deutsche Theater gemel-
633 1057 3426 1197 det - durch den Herrn Kahane: Direktor Klein sei krank -schleppe sich
626 1166 3434 1325 nur mühselig täglich zu den Proben - aber er habe ganz neue Ideen zum
672 1320 3462 1482 Reigen - werde, -sobald die Frage aktuell werden - nach Wien zu mir rei-
628 1436 3476 1553 sen u. s. w.-Dies sind die geschäftlichen Resultate meines Aufenthaltes
625 1576 3393 1699 bisher - und dass ich nicht vergese - Erauchen eines Pressevereins
607 1742 3455 1841 eine Aufführung des Abschiedssoupers (augenblicklich mein unsterblich-
616 1858 3500 1997 tes Werk) tantiëmenfrei zu gestatten.- Von gestern ist noch zu berich-
660 1969 3392 2118 ten, dass ich zu Tisch bei Michaelis war, - ausser mir Lucy v. Jacoby,
621 2115 3425 2240 Mirjiam und Naehmah - es gab Gespräche über Seelenwanderung, Religion,
659 2226 3449 2374 Journalismus, alles in vernältnismässig heitrer Färbung. Um 36 zuhaus.
650 2381 3505 2527 Sehr heftige Kopfschmerzen. Nachher Oedipus (dem ich nicht beiwohnte)
666 2508 3308 2619 mit O. und Heini genachtmahlt. Heute Mittag zu Pieterkowskys, -den
657 2610 3292 2764 Abend habe ich mir vorläufig für Elizabeth Bergner frei gehalten.
662 2764 3499 2895 Es bleibt also dabei, (wenn nichts unvorhergesehenes eintritt, was nicht
603 2895 3465 3023 senzunehmen ist), dass ich Montag Abend zurückfahre - und gegen 10 hoffe
622 3024 3485 3152 ich in Wien zu sein, rufe an, und sehe Dich jedesfalls noch Vormittag. Und
626 3149 3514 3309 Abend bist Du hoffentlich bei mir. Ich freue mich nachhaus und zu Dir-
660 3292 3381 3404 und denke, dazu xxx in besserer Verfassung anzukommen als das letzte
617 3421 3461 3522 Mal - wenn auch meine Seelenstimmung nicht eben hell ist. Doch fühl ich
610 3566 3299 3684 mich körperlich trotz den heutigen Kopfschmerzen gar nicht übel. Du
659 3695 3435 3806 schreibst in den letzten Tagen nichts von Deinem Befinden - so nehme
655 3788 3171 3959 ich an, dass die Schmerzen gelinder oder ganz geschwunden sind.
652 3949 3485 4095 Für heute mein Liebes, sag ich Dir lebwohl, drücke Dich ans Herz und um-
663 4069 2132 4171 arme Dich in aller Innigkeit.Dein A.
647 4116 3427 4249 Eben ruft E.B. an, heute Abend (wenn sie nicht absagt) sprech ich sie
665 4215 1922 4355 voraussichtlich im "Poetic Film".
3562 114 3716 257 186
