3702 4686
645 258 1351 420 An A.S., Schweiz.
2058 270 3220 451 Wien, 27.1.1925.Hotel Regina.
638 517 1062 694 Liebster,
1184 661 3135 782 ich will Dir noch rasch auf Deine gestrige kurze
660 784 3279 934 und heute eingetroffene lange Kritik des "Ewigen Studenten" ant-
654 939 3402 1050 worten. Gestern ward es mir nicht möglich zu schreiben, denn ich lag
660 1073 3418 1202 mit den qualvollsten Schmerzen zu Bett und beschränkte mich auf eine
659 1183 3452 1331 Karte. Heute geht es mir ein bisserl besser, ich habe wenigstens nicht
659 1324 3274 1478 fortwährend diese entsetzlichen Schmerzen im Kreuz. Dr. Bloch be-
3080 1410 3390 1502 everreu
663 1434 3480 1600 hauptet nach wie vor, es sei ein arger Hexenschuss, bei dem die Nurwur-
647 1537 985 1629 zeln xx
648 1615 3313 1758 in Mitleidenschaft gezogen sind. Jedesfalls liege ich nun
698 1702 1380 1853 schon den 5.Tag.
1163 1837 3239 1979 Für Deine eingehende Kritik meiner Novelle bin ich
622 1945 3349 2071 Dir unendlich dankbar und werde die betreffenden Stellen gewissen-
649 2112 3421 2227 haft korrigieren, einige sind übrigens "Druckfehler", wie das Leichen-
693 2241 3180 2397 gift. Warum Dir das Schicksal der Mila näher geht als das des
694 2353 3372 2539 Eusebius, verstehe ich nicht. Für sie scheitert nicht, - wie Du an-
652 2500 3226 2614 nimmst, eine letzte Frauenhoffnung, sondern ein Frauenehrgeiz, und
654 2627 3249 2744 das flösst mir keine Teilnahme ein. Jedenfalls danke ich Dir für
650 2779 3255 2899 alles, was Du für und gegen meine kleine Arbeit gesagt hast. Aber
647 2905 3378 3039 vielleicht hätte ich mich über irgend ein warmes Wort mehr gefreut,
773 3019 3381 3128 vielleicht sogar - habe ich eines erwartet. Möglicherweise auch
649 3173 3331 3292 dadurch, dass Frieda so ergriffen und entzückt schien und auch mein
656 3293 3359 3402 Bruder Otto, der sie gelesen hat und sie hervorragend gut fand. Aber
654 3413 3347 3594 da Du ja viel mehr verstehst, wirst Du wohl mit allen Einwendungen
646 3532 1158 3660 Recht haben.
1163 3693 3320 3798 Ich habe an Benedikt geschrieben und angefragt,ob ich
621 3780 3285 3911 nhm die Novelle einsenden soll. Entschuldige, wenn ich heute nicht
651 3895 3228 3994 mehr schreibe, aber ich bin sehr müde und matt.Gestern wollte mir
646 3961 3265 4027 Bloch schon eine Morphiuminjektion machen, aber ich weigerte mich.
637 4026 3315 4129 Ich hoffe, die letzten Spuren Deiner Grippe sind schon xxx gänzlich
644 4096 3367 4231 geschwunden und ich wünsche Dir für Deinen weiteren Aufenthalt dort
632 4175 3240 4273 nochmals alles Gute und eine sehr glückliche Heimreise. Es umarmt
1026 4236 1482 4372 Dich Deine
1437 4278 1634 4410 C.K.
3436 117 3593 250 130
