3770 4723
2726 302 3403 455 22.3.1929 vBl.2.
699 475 3416 647 trottel Angst habe, so wolle sies aufgeben. - Nicht um die Welt... es
696 630 3406 744 sei und bleibe ihr das wichtigste; und wenn sie wolle würde es auch
740 724 915 815 lein
682 731 3388 906 pielen,- trotzdem er ihr 25 andere Stücke vorschläge... Und
693 901 3365 1034 so ging das weiter. Ich sass mit ihr allein in einem Zimmer; - spä-
681 1041 3498 1140 ter kamen Heini und Viki dazu. Heute Vormittag um 12 kommt sie, sowie
697 1135 3313 1299 Herald (der Exponent des Deutschen Theaters) zu mir ins Hotel; um
702 1299 3422 1424 1 ruft Neppach an, worauf eine Zusammenkunft für den Nachmittag oder
729 1403 1946 1541 Abend verabredet werden soll.
734 1527 3447 1677 Die Schwierigkeit liegt thatsächlich nur in dem Einen: in ihrer pa-
703 1661 3388 1792 thologischenAngst vor dem letzten Gesindel der Kritik; - gesteigert
703 1774 3420 1955 durch ihren Echec als Julia. Kett sagte mir: Auch wenn die Verträge
746 1936 3347 2066 unterzeichnet - die Proben erledigt und die Première
699 2064 3433 2184 festgesetzt ist - sind Sie noch nicht sicher, dass sie auftritt. Nun
690 2198 3424 2334 scheint die Feindseligkeit gegen mich in einer gewissen Clique noch
709 2357 3496 2496 schlimmer zu sein als ich gedacht; und auch die Directoren sind feig.
728 2477 3462 2596 Glaub mir, es ist recht enervant und wenn Elisabeth
705 2580 3418 2718 sich auch immer wieder geniert, dass sie an diesem Angstzustand lei-
701 2714 3460 2846 det; - wenn man ihr den Rücken dreht sind sie wieder da.- Ich habe auch
698 2867 3348 2978 in diesem Moment keineswegs die Ueberzeugung, dass es zu einem Ab-
746 2989 3334 3136 schluss kommt; - wegen eines Tages werde ich natürlich die Sache
2785 3083 3043 3160 weiter
709 3108 3457 3227 nicht aus der Hand geben; - aber ich bin es müde mich hinziehen
709 3245 3384 3372 zu lassen und habe Sehnsucht heim und zu Dir zu kommen. Wassermann
697 3370 3417 3485 erlebt jetzt ähnliches mit dem Mauriziusfilm. Die Angelegenheit war
700 3511 3445 3641 so gut wie abgeschlossen - seit vier Tagen - lassen die Leute nichts
709 3632 3479 3768 von sich hören.-Ich hatte übrigens gestern - den Anruf - - von Conrad
700 3775 3372 3891 Veidt zu erwarten wegen Casanovas Heimfahrt (voraussichtlich durch
696 3881 2178 4014 Hans Jacob) - natürlich kam nichts.-
696 4031 3521 4153 Eben kam Dein Expressbrief - ich verstehe natürlich Deine Verstimmung-
693 4170 3295 4293 und könnte nichts erwidern als was Du hundertmal gehör hast. Ich
3517 100 3674 264 220
