3678 4715
2402 299 3017 444 Wien, 7.1.1930.
492 309 1164 467 An A.S., Berlin.
509 505 920 656 Liebster,
2173 628 3244 803 ich nur wenig erwidern. Es
1052 626 2031 803 auf Deine Zeilen vom 6.k.
516 792 3187 930 bedarf wahrlich keiner Rechtfertigung oder Entschuldigung, dass Du
523 923 3247 1056 länger ausbleibst, als ich mir dummer Weise eingeredet habe. Es wäre
517 1046 3378 1152 der grösste Fehler auch nur einen Tag kürzer in Berlin zu sein, als
523 1213 2636 1311 es Dir Bedürfnis ist. Niemandem wäre damit geholfen.
1047 1296 3163 1435 Alles spricht dafür einen Aufenthalt auszudehnen, der
528 1420 3333 1568 Dir Freude, Belebung und jene Atmosphäre zu begeben vermag, die Du nötig
523 1560 2759 1663 hast, Dir wohl tut und Dir hier so offensichtlich fehlt.
1046 1696 3353 1808 Auch hier ist meist frühlingshaftes Wetter. Immerhin ein
523 1808 3126 1945 Gewinn. Meinen Expressbrief vom 4. hast Du wohl erhalten, wenn Du
536 1946 3330 2087 ihn auch nicht erwähnst, - Hauptsache ist, dass Du Dich endlich erholt
532 2068 3294 2197 fühlst. Ich freue mich sehr darüber und wünsche Dir vom Herzen alles
503 2197 1206 2327 Gute und Schöne.
1044 2353 3287 2452 Entschuldige, dass ich am Telefon letzthin etwas gereizt
537 2462 3186 2586 war. Meine Stimmung war durch mancherlei vorbereitet das breit zu
525 2620 1638 2743 treten sich nicht verlohnt.
985 2721 1868 2862 Es umarmt Dich Deine
1854 2837 2096 3015 Cl.K.
3469 110 3582 244 18
