3690 4687
3244 273 3331 390 2
2940 362 3382 537 22.4.1926.
1052 591 3305 786 Heute Nachmittag holte mich meine Schwägerin Hedwig mit
619 767 3415 870 dem Auto. Wir waren am Cohenzl, gingen oben eine Stunde spazieren. Das
602 862 3387 984 Wetter trüb - einem tristen Herbsttag ähnlich. Nie habe ich so wenig
618 1003 2023 1163 den Frühling empfunden, wie bisher.
1101 1141 3322 1280 Jetzt will ich baden, im Bett nachtmahlen, mit Cary noch
620 1251 2947 1381 eine Weile reden und dann schlafen. Gute Nacht für heute.
2251 1372 3013 1534 Mödling, 23.4.1926.
1087 1475 3389 1657 Heute Früh vor meiner Abreise von Wien erhielt ich Deine
617 1626 3476 1753 lieben Zeilen aus Neapel. Der Brief aus Patras ist noch nicht angekom-
619 1771 3358 1895 men und ich fürchte, dass er verloren ist. Das wäre sehr sehr schade
619 1890 3464 2042 bei der Seltenheit der Nachrichten. Und dann - vielleicht steht gerade
623 2063 3306 2209 in dem Brief etwas besonders Nettes drin - - vielleicht! Dein Bild
622 2154 3231 2345 hat mich sehr gefraut, denn es ist ganz besonders gut und ich bin
632 2338 3339 2423 auch sehr froh zu hören, dass Du Dich so wohl fühlst. Zwing Dich nur
625 2424 3227 2565 ja nicht zum Lesen oder Schreiben, dieses vollständige Ausspannen
624 2558 1821 2724 wird Dir sicher sehr gut tun.
1016 2686 3360 2831 Ich bin seit 3 Uhr hier in M. Leider ist es kühl und trüb
630 2829 3344 2978 und ich fürchte, meine Sonnensehnsucht wird nicht befriedigt werden.
655 2960 2307 3063 Ich friere sehr in dem ungeheizten Haus.
1065 3096 3395 3228 Es sind genau 3 Jahre her, dass ich das letzte Mal hier zu
622 3211 3309 3338 Gast war. Es war während Deiner Reise nach Dänemark und ich beriet
625 3330 3337 3462 mit mir selbst, ob ich Dich als Abenteuer, als Epizode auffassen, oder
625 3495 3343 3612 mich hemmungslos den Gefahren einer ernsthaften Beziehung aussetzen
673 3596 3236 3740 sollte. - Damals war ich kühl, überlegen und mein Herz war wenig
624 3722 3388 3900 dabei - Soll ich jetzt noch etwas hinzufügen? Du weisst ja doch al-
637 3851 3295 4036 les, was ich sagen könnte und möchte. "Und als Geschenk sich selbst
628 3988 3261 4138 stets zu bewahren" - diese Weisheit der Leonilda liegt mir nicht.
623 4114 3394 4280 Wer so empfindet kann nicht lieben und wäre ich ihr Vater, dann würde
3449 86 3597 254 284
