3771 4723
591 271 1355 468 Fortsetzung 28 ten
593 410 3394 619 standen wir auf. Er nahm mich plötzlich um den Hals und küsste mich-
595 599 2627 752 wie schon lange nicht; Du bist so hübsch,sagte er.
582 716 3024 868 Ich sagte lächelnd ; "schade dass du das nicht öfter findest
575 807 2589 999 Er : Ich finde es auch, wenn ich es nicht sage.
592 956 3482 1124 Ich Ich meine auch garnicht das du mir gerade das sagen sollst sondern
582 1087 3462 1298 nur, dass es gum für uns Beide wäre wenn du öfter ein bischen lieb zu
577 1232 1337 1387 mir sein wolltest.
577 1350 3543 1502 Er : Wenn ich zu dir nicht lieb bin, so bin ich au mir selbst noch viel
578 1473 990 1645 unlieber.
576 1572 3385 1786 Die Stimmung war aber den ganzen Abend etwas vertrauter. - Das Stück
569 1737 1533 1894 übrigens ausgezeichnet.
506 1866 3487 2068 29 ten I. V. M. zu Hause. N. N. bei Herna Artaria, die mir immer besser
573 2031 3127 2166 gefällt. Mit A. telef Gespräche über die Proben im Burgtheater.
565 2154 3485 2288 30ten Abend bei A. mit Frieda und ihrem Bruder. Das Essen unerlaubt
569 2278 3521 2415 schlecht. Ich bemühe mich heiter und unbefangen zu sein. A. will Dienstag
553 2392 3479 2582 plötzlich für 2-3 Tage auf den Semmering. Er teilt es mir in Anwesenh-
550 2545 3449 2681 heit der Frieda mit, als ob er meinen Widerspruch fürchtete. Ich finde
562 2660 2591 2801 es aber nur sehr klug und sicher erholend für ihn.
553 2782 3473 2955 3lten von Ank. aufgefordert mit A. bei ihnen zu nachtmalen. Frieda, die
546 2893 3525 3122 mir die Einladung übermittelte sagte ich zuerst - nein - da ich die Leute
555 3027 3434 3217 eineinziges mal vor I jahren bei A, getroffen habe, aber da die Frau
540 3171 2898 3333 Ask. mich noch selbst anrief, konnte ich nicht ablehnen.
536 3286 3480 3454 Mittag die Kinder. Hery wieder mit ungeheuerlichen Plänen. Meine Nerven
1553 3399 1674 3483 des
537 3427 2353 3576 zu schlecht, um das auch noch zu ertragen.
542 3579 3540 3717 bin so schon 2 Nächte schlaflos trotz Schlafmitteln. Carry sagte heute
527 3704 3507 3890 heute; er möchte das Geld von Rotschild und meine Geduld haben. Ja, - ge-
536 3808 1262 3955 duld hab ich wol¬
536 3915 3458 4149 I Febr. Bei Ank. ehr gutmütige freundliche Menschen. Soigniertes Haus und
531 4094 3415 4253 Essen. Ich nahm vor dem Fortgehen 2 Rekresal um gut auszusehen. Das ge-
528 4227 3497 4422 lang mir. Auf der Heimfahrt war A. wieder von einer solchen absichtlichen
519 4345 3368 4553 Steifheit und Kälte, dass mir ganz übel war, als ich zu Hause ankam.
3496 121 3674 326 196
