3771 4718
2012 298 3323 450 Berlin, 6.12.1927.Hotel Bristol.
696 490 3307 656 Mein Hiebes, ich schreibe Dir hier in aller Kürze die Chronik der
682 677 3349 782 letzten Tage auf und erzähle Dir alle Details mündlich. Am Sonntag
704 782 3262 924 Vormittag Spaziergang mit Dora und ihrem Gatten, Mittagessen bei
701 892 3312 1024 Pieterkowsky mit Heini und O. Ausserdem war ein Professor Plesch
700 1035 3423 1175 (Arzt) mit Frau anwesend, Heini spielte ein wenig Klavier, Fräulein,-
698 1188 3385 1282 ja, wennich den Namen wüest, Verwandte und Mitbewohnerin des Hauses,
688 1334 3376 1465 sang... Nun fällt mir der Name ein: Colette.- Um 16 war ich im Ho-
705 1432 3403 1579 tel; bald erschien Dr. Horowitz (Phaidon). Zum Nachtmahl war ich in
693 1574 3426 1690 der Pension Stemplitz bei Viki und Mimi (gestern aus dem Sanatorium
701 1710 3364 1825 Übersiedelt), nachher kamen Jakob und Martha (in der gleichen Pen-
705 1821 3234 1948 sion wohnend), sowie eine bebrillte und kluge Amerikanerin Miss
694 1951 3378 2084 Newton,Uebersetzerin von Caspar Hauzer und Psychoanalytckerin mit
691 2102 3316 2247 Vorbehalten. Montag war ich in der Bank bei Feilchenfeld; lernte
698 2224 3438 2343 bei dieser Gelegenheit seine Frau kennen; - bei Alfred Kerr, der eben
705 2377 3491 2490 anlässlich seines 60.Geburtstags zu einer Plaquette sass; - über Doro-
733 2481 3305 2617 thea Angermann, Reinhardt, die Thimigs und Nichtaufführung meiner
693 2611 3335 2709 Stücke); - die Hegewald-Gesellschaft; - Unterhandlung mit Direktor
695 2750 3428 2872 Fett über Spiel im Morgengrauen, der bei allen offenbaren Sympathien
704 2873 3276 2976 vorläufig auf meine Bedingungen nicht einging. - Mittagessen im
684 3006 3434 3108 Hotel mit Paul Wiegler. Später kamen Hejni, die Damen Stampe Bandix
690 3133 3493 3246 und Dr. Horowitz. Einige Ruhe und Lektüre in meinem Hotelzimmer; -Gegen
731 3253 3513 3383 Abend zu Paul Godmann, Frau und Tochter, aus serordentliches Grammophon
709 3372 3334 3495 - in ein Restaurant (Türk), - woselbst Elisabetha B. Czinner und
691 3534 3494 3671 der eigentliche Filmteutdichter Karl Mayer,besonders netter Mensch;
688 3667 3330 3772 sehr lebhafte Diskussionen, Differenzen und Einigung; - auch Heini
657 3756 3254 3879 k am dazu. Weitere meiner Filmsujets wurden lebhaft erwogen; und
706 3905 3370 4040 überdies die theatralische Aufführungsmöglichkeit der Elze.- Heute
684 4035 3522 4175 Vormittag bei Dora, die ja neulich leidend und daher nicht wie geplant,
685 4177 3309 4329 zu mir in die Stadt kommen und mit mir essen konnte; -zu Fischer-
3573 109 3660 291 83
