3674 4662
2882 307 3211 487 4. I. 29.
664 530 3334 712 Freiwill" natürlich bist Du da bist. Jetzt sind es noch drei lange
611 679 2932 808 Tage! Ich freue mich schon sehr. Du auch? Ich glaube ja.
1116 827 3182 934 Am Nachmittag gegen 4,bald nachdem P. fort war,kam
602 950 3278 1124 meine Hausfrau auf einen Tratsch und blieb eine Stunde. Sie sagte,
607 1096 3211 1192 dass der Garten im Frühling wie ein Fliedermeer aussieht, dass so
613 1207 3247 1360 schöner dicker Flieder blüht und so viel, dass man gar nicht weiss
605 1331 3166 1463 wohin damit. Uebrigens ist der Garten auch jetzt mit dem vielen
603 1463 3193 1584 Schnee hübsch anzusehen, sobald ein bissel Sonne herauskommt, will
597 1612 3208 1762 ich ihn photographieren. Jetzt sag ich Dir gute Nacht und morgen
610 1751 3240 1868 schreibe ich noch ein paar Zeilen, die letzten hoffentlich nach
600 1864 3287 1967 Berlin - und dann bist Du wieder da und wir feiern wiedder Flitter-
610 1972 2408 2142 wochen oder Monate oder lieber Flitterjahre.
1115 2111 1978 2237 Ich umarme Dich sehr.
1510 2262 1953 2409 Deine C.K.
3460 79 3542 274 18
