<?xml version="1.0" encoding="UTF-8" standalone="yes"?>
<PcGts xmlns="http://schema.primaresearch.org/PAGE/gts/pagecontent/2013-07-15" xmlns:xsi="http://www.w3.org/2001/XMLSchema-instance" xsi:schemaLocation="http://schema.primaresearch.org/PAGE/gts/pagecontent/2013-07-15 http://schema.primaresearch.org/PAGE/gts/pagecontent/2013-07-15/pagecontent.xsd">
    <Metadata>
        <Creator>prov=READ-COOP:name=TrHtr:version=0.0.6:model_id=44522:date=25_11_2022_11:54</Creator>
        <Created>2022-11-17T16:36:34.836+01:00</Created>
        <LastChange>2022-11-25T11:54:02.020Z</LastChange>
        <TranskribusMetadata docId="1233893" pageId="50264750" pageNr="831" tsid="105032898" status="IN_PROGRESS" userId="40391" imgUrl="https://files.transkribus.eu/Get?id=UUGFYPMMCXXEEHWZJYCYDWYT&amp;fileType=view" xmlUrl="https://files.transkribus.eu/Get?id=EYWNVRMRCHTSORQWFRYOZTUS" imageId="41051161"/>
    </Metadata>
    <Page imageFilename="HIN-155550_0831.tif" imageWidth="3771" imageHeight="4654">
        <ReadingOrder>
            <OrderedGroup id="ro_1669749964494" caption="Regions reading order">
                <RegionRefIndexed index="0" regionRef="r1"/>
            </OrderedGroup>
        </ReadingOrder>
        <TextRegion id="r1" custom="readingOrder {index:0;}">
            <Coords points="525,416 525,4224 3500,4224 3500,416"/>
            <TextLine id="r1l1" custom="readingOrder {index:0;}">
                <Coords points="506,553 561,567 634,507 909,519 971,488 1148,486 1147,431 956,408 911,368 798,417 504,409"/>
                <Baseline points="525,483 555,485 585,485 615,485 646,485 676,485 706,485 737,485 767,483 797,483 828,482 858,482 888,482 918,480 949,480 979,480 1009,479 1040,479 1070,480 1100,480 1131,482"/>
                <TextEquiv>
                    <Unicode>T gb. 3.9.1930.</Unicode>
                </TextEquiv>
            </TextLine>
            <TextLine id="r1l2" custom="readingOrder {index:1;}">
                <Coords points="546,693 3355,692 3354,585 3097,514 2613,617 1815,543 545,609"/>
                <Baseline points="564,680 702,677 841,675 980,674 1118,672 1257,671 1396,671 1534,669 1673,668 1812,668 1951,666 2089,665 2228,665 2367,663 2505,662 2644,660 2783,659 2921,659 3060,657 3199,655 3338,653"/>
                <TextEquiv>
                    <Unicode>4.9. Langweilige Fahrt nach Karlsbad. Ich habe eine heftige Neuralgie</Unicode>
                </TextEquiv>
            </TextLine>
            <TextLine id="r1l3" custom="readingOrder {index:2;}">
                <Coords points="547,825 2700,869 3345,820 3345,728 546,741"/>
                <Baseline points="566,809 704,807 842,807 980,806 1118,806 1256,804 1394,803 1532,803 1670,801 1808,800 1946,798 2084,797 2222,795 2360,794 2498,792 2636,792 2774,791 2912,789 3050,788 3188,788 3327,786"/>
                <TextEquiv>
                    <Unicode>im Kopf, der die Kälte im Auto nicht gut tut. Aufenthalt in Elbogen, wo</Unicode>
                </TextEquiv>
            </TextLine>
            <TextLine id="r1l4" custom="readingOrder {index:3;}">
                <Coords points="546,962 3341,948 3340,863 2811,826 545,852"/>
                <Baseline points="564,939 702,938 840,936 978,936 1116,935 1254,934 1392,933 1530,932 1668,932 1806,930 1944,929 2082,929 2220,927 2358,927 2496,926 2634,924 2772,924 2910,923 3048,923 3186,921 3324,921"/>
                <TextEquiv>
                    <Unicode>wir frühstücken, die Stadt besichtigen und ich A. wiederholtirehotogra-</Unicode>
                </TextEquiv>
            </TextLine>
            <TextLine id="r1l5" custom="readingOrder {index:4;}">
                <Coords points="549,1112 2510,1056 2402,965 548,1020"/>
                <Baseline points="566,1070 662,1070 758,1068 854,1067 951,1066 1047,1065 1143,1065 1240,1064 1336,1064 1432,1064 1529,1062 1625,1062 1721,1062 1817,1061 1914,1061 2010,1059 2106,1058 2203,1057 2299,1056 2395,1053 2492,1052"/>
                <TextEquiv>
                    <Unicode>phiere. Hier war Goethe mit Uprike von Lewetzow.</Unicode>
                </TextEquiv>
            </TextLine>
            <TextLine id="r1l6" custom="readingOrder {index:5;}">
                <Coords points="548,1226 3391,1225 3361,1104 548,1113"/>
                <Baseline points="567,1196 707,1196 847,1196 987,1196 1128,1194 1268,1194 1408,1193 1548,1191 1689,1191 1829,1190 1969,1188 2109,1187 2250,1187 2390,1185 2530,1184 2670,1182 2811,1182 2951,1181 3091,1181 3231,1179 3372,1179"/>
                <TextEquiv>
                    <Unicode>Wiedersehen mit Karlsbad freut mich nicht, musste weinen, als ich A. das</Unicode>
                </TextEquiv>
            </TextLine>
            <TextLine id="r1l7" custom="readingOrder {index:6;}">
                <Coords points="537,1348 3310,1335 3309,1228 2956,1179 2454,1274 537,1260"/>
                <Baseline points="555,1326 691,1326 828,1326 965,1325 1102,1325 1239,1323 1375,1323 1512,1322 1649,1322 1786,1320 1923,1319 2059,1319 2196,1317 2333,1317 2470,1316 2607,1314 2743,1314 2880,1313 3017,1313 3154,1311 3291,1311"/>
                <TextEquiv>
                    <Unicode>Fenster meines Zimmers zeigte. Zuhause hatte A. Brief von der O. Der</Unicode>
                </TextEquiv>
            </TextLine>
            <TextLine id="r1l8" custom="readingOrder {index:7;}">
                <Coords points="538,1466 2959,1502 3395,1448 3395,1374 538,1381"/>
                <Baseline points="555,1458 696,1457 837,1457 978,1457 1119,1455 1260,1455 1401,1454 1542,1454 1683,1452 1824,1451 1966,1451 2107,1449 2248,1448 2389,1448 2530,1446 2671,1445 2812,1445 2953,1443 3094,1443 3235,1442 3377,1442"/>
                <TextEquiv>
                    <Unicode>21jährige Reisegefährte, ein Musiker Conrad, wohnt jetzt bei izk ihr. A.</Unicode>
                </TextEquiv>
            </TextLine>
            <TextLine id="r1l9" custom="readingOrder {index:8;}">
                <Coords points="554,1605 3184,1610 3389,1587 3389,1509 553,1469"/>
                <Baseline points="572,1586 719,1586 866,1584 1013,1584 1161,1583 1308,1583 1455,1581 1603,1581 1750,1580 1897,1580 2045,1578 2192,1577 2339,1577 2487,1575 2634,1574 2781,1572 2929,1571 3076,1571 3223,1569 3371,1568"/>
                <TextEquiv>
                    <Unicode>findet es auch scham- und geschmacklos. Ich habe schon von dieser Sache</Unicode>
                </TextEquiv>
            </TextLine>
            <TextLine id="r1l10" custom="readingOrder {index:9;}">
                <Coords points="548,1752 3001,1780 3320,1763 3320,1624 547,1653"/>
                <Baseline points="564,1716 700,1716 837,1716 974,1715 1111,1715 1248,1715 1384,1713 1521,1713 1658,1712 1795,1710 1932,1709 2068,1709 2205,1707 2342,1706 2479,1706 2616,1704 2752,1703 2889,1703 3026,1702 3163,1701 3300,1701"/>
                <TextEquiv>
                    <Unicode>im Winter gehört. Unglaublich, wenn man einen Sohn in derselben Stadt</Unicode>
                </TextEquiv>
            </TextLine>
            <TextLine id="r1l11" custom="readingOrder {index:10;}">
                <Coords points="546,1903 2933,1847 3285,1930 3520,1771 545,1764"/>
                <Baseline points="563,1848 709,1848 856,1847 1003,1847 1150,1846 1297,1845 1444,1844 1590,1844 1737,1842 1884,1842 2031,1841 2178,1841 2325,1839 2472,1839 2618,1838 2765,1838 2912,1836 3059,1836 3206,1836 3353,1835 3500,1835"/>
                <TextEquiv>
                    <Unicode>hat, der älter ist als der Liebhaber. A. scheint sich teilweise zu freuen,</Unicode>
                </TextEquiv>
            </TextLine>
            <TextLine id="r1l12" custom="readingOrder {index:11;}">
                <Coords points="560,1988 722,1987 788,2027 832,1987 1698,1983 1698,1942 1595,1906 1540,1932 1298,1882 1210,1923 784,1895 747,1928 560,1926"/>
                <Baseline points="578,1976 633,1976 688,1977 743,1977 798,1977 853,1977 908,1977 963,1977 1018,1977 1073,1976 1129,1976 1184,1976 1239,1974 1294,1974 1349,1974 1404,1973 1459,1973 1514,1973 1569,1973 1624,1973 1680,1974"/>
                <TextEquiv>
                    <Unicode>teilweise angeekelt zu sein.</Unicode>
                </TextEquiv>
            </TextLine>
            <TextLine id="r1l13" custom="readingOrder {index:12;}">
                <Coords points="537,2132 926,2123 1018,2174 1202,2107 1334,2176 1510,2113 2208,2133 2274,2037 1730,1980 1480,2040 926,1998 537,2044"/>
                <Baseline points="557,2106 641,2106 726,2106 811,2108 896,2107 981,2106 1066,2106 1151,2106 1236,2106 1321,2106 1406,2106 1490,2105 1575,2105 1660,2105 1745,2103 1830,2103 1915,2103 2000,2102 2085,2102 2170,2100 2255,2100"/>
                <TextEquiv>
                    <Unicode>Ich möchte mich so gerne wirklich erholen.</Unicode>
                </TextEquiv>
            </TextLine>
            <TextLine id="r1l14" custom="readingOrder {index:13;}">
                <Coords points="549,2259 3230,2273 3505,2165 549,2182"/>
                <Baseline points="566,2241 712,2240 858,2240 1004,2238 1150,2237 1296,2237 1442,2235 1588,2235 1734,2234 1880,2234 2027,2232 2173,2232 2319,2231 2465,2231 2611,2229 2757,2229 2903,2228 3049,2226 3195,2226 3341,2225 3488,2223"/>
                <TextEquiv>
                    <Unicode>5.9. Tage von besonderer Gedigkeit. A. ziemlich düster. Ich Vormittag al-</Unicode>
                </TextEquiv>
            </TextLine>
            <TextLine id="r1l15" custom="readingOrder {index:14;}">
                <Coords points="546,2366 1119,2438 3400,2380 3249,2260 546,2278"/>
                <Baseline points="566,2367 706,2367 847,2367 988,2367 1128,2367 1269,2367 1410,2366 1550,2366 1691,2364 1832,2364 1973,2363 2113,2363 2254,2361 2395,2361 2535,2360 2676,2360 2817,2358 2957,2358 3098,2358 3239,2358 3380,2358"/>
                <TextEquiv>
                    <Unicode>lein beim Goethesitz. A. den ganzen Nachmittag mit Thermophor am Leib,</Unicode>
                </TextEquiv>
            </TextLine>
            <TextLine id="r1l16" custom="readingOrder {index:15;}">
                <Coords points="3138,2431 3156,2429 3179,2439 3185,2431 3200,2434 3207,2426 3219,2433 3222,2429 3270,2426 3266,2368 3248,2369 3229,2362 3193,2372 3174,2362 3156,2371 3134,2372"/>
                <Baseline points="3155,2426 3187,2423 3219,2420 3252,2421"/>
                <TextEquiv>
                    <Unicode>être</Unicode>
                </TextEquiv>
            </TextLine>
            <TextLine id="r1l17" custom="readingOrder {index:16;}">
                <Coords points="552,2547 3104,2528 3357,2424 551,2444"/>
                <Baseline points="570,2499 708,2498 846,2498 985,2496 1123,2496 1262,2496 1400,2495 1538,2495 1677,2495 1815,2495 1954,2495 2092,2493 2230,2493 2369,2493 2507,2493 2646,2492 2784,2492 2922,2490 3061,2490 3199,2489 3338,2489"/>
                <TextEquiv>
                    <Unicode>isst am Abend einen Riesenrostbraten mit Zwiebel. Die Clauser hat ich</Unicode>
                </TextEquiv>
            </TextLine>
            <TextLine id="r1l18" custom="readingOrder {index:17;}">
                <Coords points="548,2642 846,2685 1036,2643 1275,2679 1371,2634 1536,2696 1639,2666 1638,2553 1484,2527 852,2582 547,2546"/>
                <Baseline points="566,2633 618,2630 671,2628 724,2627 776,2625 829,2624 882,2624 934,2624 987,2624 1040,2624 1093,2624 1145,2624 1198,2624 1251,2624 1303,2624 1356,2625 1409,2625 1461,2624 1514,2624 1567,2624 1620,2622"/>
                <TextEquiv>
                    <Unicode>glaube aus Wien angerufen.</Unicode>
                </TextEquiv>
            </TextLine>
            <TextLine id="r1l19" custom="readingOrder {index:18;}">
                <Coords points="548,2771 3203,2822 3456,2770 3456,2689 547,2646"/>
                <Baseline points="567,2759 710,2759 854,2757 997,2757 1141,2756 1284,2756 1428,2754 1571,2753 1715,2753 1858,2751 2002,2751 2146,2750 2289,2750 2433,2748 2576,2748 2720,2748 2863,2748 3007,2748 3150,2748 3294,2750 3438,2750"/>
                <TextEquiv>
                    <Unicode>6.9. Vormittag beim Bezirkshauptmann Dr. Lermann wegen Kurtaxernässigung.</Unicode>
                </TextEquiv>
            </TextLine>
            <TextLine id="r1l20" custom="readingOrder {index:19;}">
                <Coords points="544,2907 3346,2922 3452,2771 543,2815"/>
                <Baseline points="560,2885 703,2885 847,2885 991,2885 1134,2885 1278,2885 1422,2885 1565,2883 1709,2883 1853,2882 1997,2882 2140,2880 2284,2880 2428,2879 2571,2879 2715,2877 2859,2877 3002,2877 3146,2877 3290,2877 3434,2877"/>
                <TextEquiv>
                    <Unicode>Charmanter Mensch, anregendes Gespräch. Wie nett sind manche Menschen zu</Unicode>
                </TextEquiv>
            </TextLine>
            <TextLine id="r1l21" custom="readingOrder {index:20;}">
                <Coords points="538,3020 3440,3059 3344,2912 538,2947"/>
                <Baseline points="557,3015 700,3015 843,3015 986,3015 1130,3015 1273,3015 1416,3014 1560,3014 1703,3013 1846,3012 1990,3011 2133,3011 2276,3009 2419,3009 2563,3008 2706,3008 2849,3006 2993,3006 3136,3005 3279,3005 3423,3005"/>
                <TextEquiv>
                    <Unicode>mir. Habe erreicht, was ich wollte. Werde ihm von Wieneine meiner Arbei-</Unicode>
                </TextEquiv>
            </TextLine>
            <TextLine id="r1l22" custom="readingOrder {index:21;}">
                <Coords points="542,3160 3340,3167 3340,3082 3035,3047 542,3076"/>
                <Baseline points="560,3143 698,3144 836,3144 974,3144 1112,3144 1250,3144 1388,3144 1527,3143 1665,3143 1803,3143 1941,3143 2079,3141 2217,3141 2355,3140 2494,3140 2632,3140 2770,3138 2908,3138 3046,3138 3184,3137 3323,3137"/>
                <TextEquiv>
                    <Unicode>ten senden. Später trister Spaziergang mit A. Im Carltenhotel Zimmer,</Unicode>
                </TextEquiv>
            </TextLine>
            <TextLine id="r1l23" custom="readingOrder {index:22;}">
                <Coords points="553,3314 3314,3322 3314,3219 552,3208"/>
                <Baseline points="569,3275 705,3273 841,3273 978,3273 1114,3272 1251,3272 1387,3272 1523,3272 1660,3272 1796,3272 1933,3270 2069,3270 2205,3270 2342,3270 2478,3269 2615,3269 2751,3267 2887,3266 3024,3264 3160,3263 3297,3261"/>
                <TextEquiv>
                    <Unicode>resp. Appartement für ein andermal angesehen, 55 und 56 kommen in Be-</Unicode>
                </TextEquiv>
            </TextLine>
            <TextLine id="r1l24" custom="readingOrder {index:23;}">
                <Coords points="549,3410 3373,3410 3145,3304 549,3319"/>
                <Baseline points="566,3402 705,3402 844,3404 984,3404 1123,3404 1263,3404 1402,3404 1541,3404 1681,3402 1820,3402 1960,3402 2099,3401 2238,3401 2378,3399 2517,3399 2657,3399 2796,3398 2935,3398 3075,3398 3214,3398 3354,3398"/>
                <TextEquiv>
                    <Unicode>tracht. Nachmittag A. noch melancholischer. Ich gebe mir solche Mühe</Unicode>
                </TextEquiv>
            </TextLine>
            <TextLine id="r1l25" custom="readingOrder {index:24;}">
                <Coords points="549,3591 3446,3575 3472,3451 549,3474"/>
                <Baseline points="569,3531 713,3531 857,3531 1001,3533 1145,3533 1289,3533 1433,3533 1578,3533 1722,3533 1866,3533 2010,3533 2154,3533 2298,3533 2442,3533 2587,3531 2731,3531 2875,3531 3019,3531 3163,3531 3307,3531 3452,3531"/>
                <TextEquiv>
                    <Unicode>lieb zu ihm zu sein. Ich sehe etwas besser aus und bin ruhiger geworden.</Unicode>
                </TextEquiv>
            </TextLine>
            <TextLine id="r1l26" custom="readingOrder {index:25;}">
                <Coords points="551,3676 2248,3696 2317,3674 2317,3582 551,3595"/>
                <Baseline points="570,3662 656,3662 742,3663 829,3665 915,3665 1002,3665 1088,3666 1174,3666 1261,3666 1347,3666 1434,3666 1520,3666 1606,3666 1693,3666 1779,3665 1866,3665 1952,3663 2038,3663 2125,3662 2211,3661 2298,3660"/>
                <TextEquiv>
                    <Unicode>Noch nicht genug für den Winter, der kommt.</Unicode>
                </TextEquiv>
            </TextLine>
            <TextLine id="r1l27" custom="readingOrder {index:26;}">
                <Coords points="555,3822 3324,3838 3324,3724 3037,3707 555,3734"/>
                <Baseline points="573,3798 709,3797 846,3797 982,3795 1119,3795 1256,3795 1392,3794 1529,3794 1665,3794 1802,3794 1939,3794 2075,3794 2212,3792 2348,3792 2485,3792 2622,3792 2758,3792 2895,3792 3031,3792 3168,3792 3305,3792"/>
                <TextEquiv>
                    <Unicode>7.9. Mit Einpacken begonnen, damit ich morgen A. helfen kann. Bessere</Unicode>
                </TextEquiv>
            </TextLine>
            <TextLine id="r1l28" custom="readingOrder {index:27;}">
                <Coords points="560,3959 3094,3969 3355,3946 3355,3847 560,3863"/>
                <Baseline points="579,3926 716,3926 854,3926 992,3924 1130,3924 1268,3924 1406,3924 1543,3924 1681,3924 1819,3924 1957,3924 2095,3924 2233,3924 2371,3924 2508,3924 2646,3924 2784,3924 2922,3924 3060,3924 3198,3924 3336,3924"/>
                <TextEquiv>
                    <Unicode>Stimmung, gemeinsames Frühstück. Beschäftige mich mit der Ilias, da der</Unicode>
                </TextEquiv>
            </TextLine>
            <TextLine id="r1l29" custom="readingOrder {index:28;}">
                <Coords points="543,4096 3426,4083 3346,3980 2780,3953 544,3949"/>
                <Baseline points="563,4050 705,4050 847,4052 989,4052 1131,4052 1274,4053 1416,4053 1558,4053 1700,4053 1842,4053 1985,4055 2127,4055 2269,4055 2411,4055 2553,4055 2696,4055 2838,4055 2980,4055 3122,4055 3264,4056 3407,4056"/>
                <TextEquiv>
                    <Unicode>Gedanke eine Helena zu schreiben in den letzten Tagen lebendiger in mir</Unicode>
                </TextEquiv>
            </TextLine>
            <TextLine id="r1l30" custom="readingOrder {index:29;}">
                <Coords points="550,4188 3381,4237 3462,4079 550,4137"/>
                <Baseline points="567,4184 710,4184 854,4185 998,4185 1142,4185 1286,4187 1429,4187 1573,4187 1717,4187 1861,4188 2005,4188 2148,4188 2292,4188 2436,4190 2580,4190 2724,4190 2867,4190 3011,4191 3155,4191 3299,4193 3443,4193"/>
                <TextEquiv>
                    <Unicode>wurde.-Um 13 Anruf aus Berlin mit Voranmeldung. A. sagte S.Fischer. Ich</Unicode>
                </TextEquiv>
            </TextLine>
            <TextEquiv>
                <Unicode>




























</Unicode>
            </TextEquiv>
        </TextRegion>
    </Page>
</PcGts>
