3758 4683
2008 303 2799 462 Adelboden, 3.8.1926.
652 520 3293 665 Liebe, eben hatte ich einen gewöhnlichen Brief fortgeschickt - da
678 659 3486 804 kommt Bein Expressbrief vom 1., den ich nun auch rasch express beant-
691 770 3282 904 worte. Es ist ja (wenn überhaupt mit L.'s was wird, von denen ich
679 909 3370 1049 eine einfache Grusskarte von Locarno ohne Andeutung anderer Pläne
678 1064 3394 1181 erhielt) a priori wahrscheinlich, dass ich in der Schweiz bleibe und
658 1157 3348 1294 so wird es sich wohl fügen, dass wir entweder am 1.2. wieder in der
668 1305 3355 1454 Schweiz zusammen, bis zu Deiner Ausseer Reise oder dass sich unser
655 1442 3395 1557 erstes Zusammensein etwas länger audehnt, und ich viel leicht erst in
671 1554 3440 1692 dem letzten Augusttagen Dich verlasse, um allein oder mit L.'s einige
668 1690 3278 1866 Tage zu verbringen. Es ist ja keinesfalls so schlimm eine kurze
665 1815 3398 1976 Zeit an einem schönen schweizer Ort allein zu sein. Ich glaube, dass
657 1935 3398 2119 wir kein auf den Tag festgelegtes Programm entwerfen sollen; um den
648 2088 3412 2235 15. herum Rendezvous in der Berner Gegend - alles übrige findet sich,
662 2227 3311 2367 und schön wird es jedesfalls.- Und ein Wort,mein Liebes, Über die
654 2343 3231 2468 Frage der "Concessionen“. Das was Du "Concessionen" nennst, kann
633 2471 3391 2636 natürlich nie "sorgenlos" machen; - lieber leih ich mir aus den doch
3074 2589 3189 2667 duth
658 2617 3285 2759 noch glücklicherweise vorhandenen Bankeinlagen etwas aus, als ich
652 2754 3498 2901 en es dringend nothwendig ist meine Preise so weit heruptersetze, dass
651 2875 3452 3034 es eben zu einer Concession wird; die für die Folge gefährlich werden
615 3005 3490 3140 kann. Dass ich z.B. heute nach 15 Jahren für einen Film weniger bekom-
620 3126 3364 3295 men soll; - als z.B. für den Anatol; grenzt an einen Erpressungsver-
626 3281 3369 3391 such, - aus der Empfindung heraus: wahrscheinlich braucht er das Geld
648 3379 1129 3547 dringend. -
636 3507 3285 3650 Und was xxx xxx die Vossische anbelangt, so wird es mir
646 3677 3407 3822 nie einfallen einer Zeitung etwas anzubieten, eh ich die letzte defi-
643 3795 3350 3925 nitive Zeile geschrieben habe. Ueber diese Frage werde ich übrigens
642 3927 3460 4046 so bald als möglich mit Paul W. sprechen.-Nur diese paar Worte - um 2
655 3999 3083 4093 geht die Post.- So kannst Du diesen Brief übermorgen haben.-
668 4075 2521 4196 Lebwohl mein Liebes, ich küsse Dich sehr. Dein
2475 4142 2805 4267 Arthur.
1767 4183 2002 4322 -- — —
