3783 4686
2127 261 2848 434 18.10.1928.Bl.2.
560 463 3438 652 mit ein paar allgemeinen lobenden Wirten über mich als Gesamterschei-
575 620 3407 761 nung. Kein Mensch konnte ahnen, dass ich drei in Berlin noch nicht ge-
571 731 1880 864 spielte Stücke geschrieben habe.
558 872 3372 997 Gestern Mittag war ich allein bei Dora, (wo auch Georg Wassermann er-
565 1031 3534 1156 schien und brav-schülerhaft Clavier spielte); abend allein im Kino
501 1139 3459 1286 das amerikanische Alt-Heidelberg (viel weniger gut als das seinerzeitige
567 1279 3437 1428 mit Hartmann und Kraus). Heute dürfte ich mit Viki sein. Abends bin ich
554 1430 3487 1552 bei O. mit Pieterkowskin, Michaelis, sowie Heini (der nach Erledigung
570 1540 3521 1688 seiner Rolle kommt). Jetzt will ich mit Maril und vielleicht noch
564 1651 3327 1810 Czinner sprechen. Es ist zu befürchten, dass ich mit überhaupt keinem
561 1784 3542 1921 geschäftlichen Resultat heimkomme, und es ist schwer zu wagen, ob die thea-
2410 1860 2673 1965 trüber
559 1913 3402 2078 tralischen oder die erzählerischen Aussichten xxxsind. Am Zug der
560 2040 3533 2187 Schatten will ich noch erhebliche vertiefende und vereinfachende Verände-
567 2192 3514 2322 rungen vornennen (wodurch vielleicht auch die Chancen für kleinere
557 2299 3456 2461 Bühnen steigen könnten). Das Widerliche bleibt, dass man praktisch heute
571 2477 3441 2600 genau dort steht, - und gewissermaßen in noch unsicherer
560 2564 3555 2712 Position wie als Anfänger - ja dass man nicht einmal die primitivste Höfl-
524 2674 3042 2861 lichkeit findet, die, sagen wir - den reiferen Jahren gebührt.-
561 2855 3386 2974 Ich freue mich bald wieder zuhause zu mein, und ich wünsche, hoffe, dass
568 2944 3360 3088 wir gute, völlig ungetrübte Stunden miteinander haben werden. Sie wird
496 3080 3454 3254 una beiden gleich notwendig. Ich umarme Dich vom Herzan, mein Lieben, Dein
2751 3249 2871 3368 A.
3539 111 3642 303 167
