3690 4658
495 2646 609 2887 w.
2385 278 3061 411 Wien, 16.11.1930.
531 266 1170 424 An A.S., Berlin.
521 541 860 686 Liebes,
897 693 3306 819 ich komme eben aus dem Kaasgraben, wo es recht gemütlich war
543 796 3375 947 (nur Familie) und wo eigentlich nur von der Wohnung der Kinder geredet
536 947 3300 1070 wurde, die sie am 1.beziehen dürften. Das Wetter ist wieder miserabel
547 1071 3383 1237 (Regengüsse), was mich leider ein Taxi hin und zurück kostet. Meine Er-
535 1225 3189 1331 kältung ist besser, aber noch immer nicht ganz gut und diese ganze
548 1308 2458 1440 jetzige Labilität meines Befindens ärgert mich.
930 1453 3332 1602 Deine Stimmung heute am Telefon schien ganz gut und ich bin
533 1584 3333 1735 sehr froh, dass Du Dich weiter wohl fühlst. Haben Dich nicht Alle sehr
542 1739 2021 1839 gut aussehend und vergnügt gefunden?
933 1844 3346 1945 Was den Titel der Novelle anbelangt, möchte ich nur noch sa-
531 1994 3224 2123 gen, dass für mein Ohr "Flucht ins Dunkel" schon wegen der beiden U
545 2117 3410 2240 einen viel weniger guten und suggestiven, vielleicht auch wenigen rhyth¬
541 2243 3424 2361 mischen Klang hat, als "Flucht in die Nacht" und dasselbe sagt. Ja, durch
550 2375 3300 2479 den Schluss, wo er wirklich in die "klingende" Nacht hinaus flieht, hat
543 2501 2604 2631 dieses Wort in seinem Doppelsinn mehr Berechtigung.
925 2633 3230 2800 Flucht oder Weg in die Dunkelheit oder in die Finsternis
674 2781 3370 2890 en die ersten Titel, die ich Dir vor der Lektüre nach Berlin mitgab.
618 2901 2338 3046 ein bin begierig, wofür Du Dich entscheidert.
928 3023 3376 3134 Morgen Vormittag will ich zeitlich in die Stadt, da ich Eini-
545 3150 3313 3286 ges zu besorgen habe. Nachmittag erledige ich einen Besuch und gegen
552 3274 3220 3399 Abend kommt vielleicht Frieda zum Nachtmahl und Diktat. Ich bin im
537 3400 3391 3537 zweiten Teil der Novelle schon recht weit, sehe aber noch grosse Schwie-
529 3528 3437 3676 rigkeiten.- Ich kämpfe momentan, wie Du vielleicht merkst, mit einer elen-
528 3653 3095 3811 den Feder und einem miserablen Briefpapier aus der Tabaktrafik.
929 3797 3220 3946 Arbeitest Du dort eigentlich auch ein wenig? Hart Du den
556 3941 3321 4070 "Zug der Schatten" mit? Ich gebe ihn noch lange nicht auf. Vielleicht
539 4078 3404 4193 solltest Du ihn dem Horch privat zu lesen geben. Ich erhoffe noch Brief
543 4189 3250 4302 und Telefon, wie Du heute angekündigt hast und freue micheinem guten
518 4258 1761 4344 Wiedersehen entgegen. Du auch?
1092 4295 2213 4454 Ich umarme Dich. Deine C.K.
3461 118 3583 302 119
