3690 4703
543 323 1104 463 20. Juni 1925.
529 529 1308 651 kühl und angenehm.
541 655 3336 788 Im Münchner Hof gegessen und dann nach Hause. Eine Stunde geschlafen.
543 779 3299 953 7 Ansichtskarten auf meinem Balkon sitzend geschrieben, an A. das ge-
540 925 3274 1059 wünschte Telegramm aufgegeben. Jause im Café Tomaselli. Spaziergang
553 1067 3387 1178 in meinem geliebten mirabellpark, wo ich jetzt auf einer Bank sitze und
535 1189 3434 1345 schreibe. Das Wetter hat sich vollkommen aufgehellt. Mein Befinden etwas
535 1315 3270 1477 besser. Aber ich brauche die drei Ruhetage vor dem Wiedersehen sehr
531 1438 806 1542 nötig.
512 1565 3257 1748 Ich war ja so entschlossen gewesen auf dieses Zusammentreffen (nach
531 1713 3254 1853 seinem Aufenthalt in Baden-Baden) nicht einzugehen, aber dann - seine
535 1824 3426 1995 Stimme am Telefon vor seiner Abreise: "Du musst kommen. Auf Wiedersehen,
531 1975 3390 2108 auf Wiederschen, auf Wiedersehen! "Dreimal sagte er es, ehe er abläutete.
529 2108 3293 2235 Angenehmer Abend. Essen gut, ausgezeichnete Musik in der Halle. Viele
522 2223 3085 2372 Engländer und Deutsche. Hübsche sehr blonde Frau ohne Bubikopf.
518 2369 3277 2508 21.6. Ueber dieser Reise liegt kein Segen. Heute Früh unpässlich er-
496 2484 3316 2619 wacht. Habe A. nach München, wo er morgen ist, geschrieben, er soll mich
512 2613 3311 2758 morgen Abend von dort telefonisch anrufen, damit ich mich noch mit ihm
527 2747 3408 2905 verständigen kann. Ich hoffe, es ist nur eine Störung infolge der vielen
501 2875 2300 3032 Aufregungen, aber man kann doch nicht wissen.
501 3011 3343 3174 nachmittag Regen. In der Halle geschrieben. Die neue Novelle begonnen.
504 3137 3281 3284 Mittag in der "Blauen Gans" in der Getreidegasse gegessen. Ich fühle
498 3258 3347 3399 mich gar nicht wohl. Unbehagen, Angst, ob ich werde reisen können,ob ich
493 3387 3307 3554 A. in Innsbruck treffen werde und wie sich dieses Wiedersehen gestal-
505 3520 3215 3672 ten wird. Ich habe auch gedacht, dass ich heute einen Brief oder ein
490 3653 3293 3779 Telegramm bekommen werde. Es ist quälend ohne Nachricht, so allein und
478 3796 3380 3920 nicht gesund zu sein. Ich fühle schon einige Zeit, dass etwas mit meiner
498 3905 1493 4046 Gesundheit nicht stimmt.
491 4037 3219 4195 Ich bin lange auf meinem Balkon gesessen, habe ein paar Novellen von
475 4181 3206 4333 Bang gelesen, von denen "Hoheit" die beste ist. Ich will später noch
