3770 4711
805 414 1777 577 In Wien 10. August 1927
591 640 3589 788 Lieber Arthur, ich schreibe diese Zeilen in der traurigsten Nacht meines
516 758 3598 924 Lebens an dich, nachdem ich nur durch ein Schlafmittel, wenige Stunden ver-
534 849 1151 1014 gessen konnte -
524 979 3578 1168 Ich habe mich geweigert dich in Botzen zu treffen, und diese Weigerung, die
520 1150 3571 1312 jeder Mensch verstehen würde dem ich die Situation und Alles was ihr voran-
525 1301 3468 1445 gieng schildern würde, - hat bei Dir - wie immer bei einer Stellungnahme
526 1394 3616 1598 meinerseits, - zu unerhörten Zornausbrüchen und Beschimpfungen Deineseits
514 1513 885 1652 geführt.
504 1650 3582 1805 Wenn du irgend einem Menschen auf der Welt erklären willst; ich verarge Dir
512 1806 3494 1980 deine Liebe zu Deinen Kindern, dann sagst du bewust eine Unwahrheit, denn
513 1937 3482 2074 nie ist ein Mensch mit mehr Sympatieen und gutem Willen den Kindern eines
512 2076 3483 2234 andern gegenübergestanden, als ich, den Deinen, weil ich eben immer Deine
503 2180 3481 2331 Kinder in ihnen gesehen habe. Und wenn daraus nie eine mögliche Beziehung
519 2320 3635 2505 wurde, so war es weil du es bewust verhindert hast. Und zwar nicht von allem
510 2454 3573 2617 Anfang an. Ich kann mich sehr genau an eine Zeit erinnern - an einen Abend,
510 2582 3511 2763 wo wir Heini aus dem Theater holten und Du selbst wörtlich geäussert hast:
513 2708 3534 2892 Ich möchte das es einmal eine besonders gute Beziehung zwischen Euch wird.
489 2828 3591 3024 Später sind dir wol Bedenken gekommen, die Angst vor dieser Frau, die offen
505 2939 2761 3123 bar einen freundschaftlichen Contakt übel genommen hätte
497 3063 3543 3242 du weisst sehr genau, dass ich dir keinen Augenblick verargt hätte, wenn du
494 3221 3492 3397 14 Tage der Ferien mit Heini verbracht hätten und erklärt hättest; jetzt
481 3359 3497 3506 will ich Heini treffen, aber dann machen wir, - du und ich eine Reise zu-
487 3506 3543 3654 sammen, wenn du mit mir zusammen einen Ort ausgewählt hättest, der für uns
484 3615 3481 3748 beide zuträglich ist und keine allzulange Reise für mich allein erfordert.
480 3745 3377 3943 Ich bin schliesslich heuer im Frühjahr 5 Wochen lang sehr krank gewesen
485 3885 3416 4011 und nicht mehr so gesund wie früher, und wenn man eine Frau lieb hat so
484 4013 2241 4158 nimmt man wol ein bißerl Rücksicht auf sie.
2841 4038 3170 4219 grossese
476 4155 3570 4318 Aber Du,- hast vor 14 Tagen erklärt, du hast keine Lust eine Reise zu machen
461 4266 3524 4453 Du willst Heini in Aussee treffen und mich in der Ischler Gegend. Jedr Vor-
3568 81 3678 248 25
