3823 4783
2050 368 2728 503 Weimar, 24.7.1923
2007 468 3222 622 Hotel Erbprinz, Abends 10 Uhr.
634 681 3288 798 Heute Früh, mein Freund, kam Dein Telegramm und nun weiss ich nicht
604 782 3370 940 ganz genau, ob Du den Expressbrief meinst, den ich gestern erhielt und
617 927 3361 1082 schon beantwortet habe oder ob ich noch einen andern abwarten soll.-
612 1047 3464 1188 Wenn ich nun keine anderen Weisungen mehr von Dir bekomme, so denke ich
642 1195 3346 1329 am 28. Abend in Baden-Baden einzutreffen und im Waldparksanatorium
596 1310 1657 1476 Deine Ankunft abzuwarten.
597 1454 3468 1588 Vielleicht kommst Du einen Tag früher an, damit wir uns sprechen können,
607 1602 3474 1719 ehe Du Deinen Sohn triffst. Du kannst mich im Sanatorium oben besuchen,
601 1713 3421 1860 wo uns sicher niemand sieht oder ich treffe Dich unten in Baden-Baden
600 1838 3365 1997 auf einem Spaziergang oder wo Duwillst. So lange Du mit Heini bist,
590 1976 3482 2137 bleibe ich dann eventuell in der Nähe, in Wildbad oder Feldberg oder Bo-
587 2121 3359 2278 densee (keinesfalls Inselhotel). Aber das besprechen wir wohl besser
606 2238 3451 2394 mündlich auch den Ort, wo mir uns nachher treffen, wenn Du wieder allein
583 2349 1716 2514 bist. (25.7.7 Uhr im Bett).
590 2510 3299 2660 Ich bin auch sehr für einen Höhenort, glaube, dass nur Hühenluft die
595 2609 3480 2807 richtige Erholung ist und mir ist jeder Punkt lieb, den Du wählen wirst,
594 2749 3298 2878 sei es im Schwarzwald, sei es in der Schweiz. Ich werde indessen mit
589 2890 3354 3033 verschiedenen Hotels in Fühling treten, mir auch in der Umgebung man-
601 3041 3511 3162 ches ansehen, um Dir berichten zu können. Bitte schreibe mir, wo Deine Fa-
623 3150 3542 3303 milie sich derzeit aufhält. Wenn Du mir auch selbst letzthin vorgeschla-
623 3282 3457 3441 gen hast uns in Baden-Baden zu treffen, so möchte ich doch eine Begeg-
588 3417 3394 3586 nung mit Deiner Frau nach Tunlichkeit vermeiden, und schon um Deinet-
589 3548 2302 3682 willen peinliche Situationen zu evitieren.
590 3669 3464 3833 Von der Covenzlidee bin ich abgekommen, erstens weil Du ja in den ersten
572 3809 3414 3975 Augusttagen jedesfalls nach Deutschland kommst und es 2. aus Rücksicht
574 3943 3358 4079 auf unser zeitweises späteres Zusammensein besser ist, wenn ich Dich
578 4078 3470 4233 jetzt allein lass. Ich würde Dich ja doch ein bisserl stören, wenn ich
567 4176 1771 4310 in der Nähe wäre, nicht wahr!!
