3690 4707
3065 162 3141 317 2
2893 306 3227 458 9. 9. 26.
583 487 3326 659 Darmbeschwerden, die mich ein biel hernehmen. Cary hat Tierkohle bei
581 646 3245 797 Wellesz entwendet und mir eben gebracht. Es bleibt dabei, dass ich
572 807 3322 943 Samstag Mittag nach Wien fahre und ich hoffe sehr Dich dort bald zu
577 919 3359 1064 umarmen. Dass Du von Fischer noch immer nichts hörst, bringt mich zur
577 1044 3401 1200 Rassrei. Hast Du schon an ihn geschrieben? Ueber Deine Frage "wo Dein
588 1151 3184 1305 Weizen bluht“, habe ich lachen müssen. Ich glaube, jetzt in erster
580 1323 3319 1469 Linie bei der Badener Novelle, von der ich mir sehr viel verspreche.
591 1445 3315 1571 Wenn Du den Schluss jetzt dort fertig machst, könnte sie in 3 Wochen
587 1582 3198 1725 druckreif sein, im Oktober in einer Zeitung (ich danke Vossische)
626 1674 3226 1857 und Weihnachten in Buchform bei Zsolnay erscheinen. Oder Zsolnag
597 1863 3390 1967 soll das Diagramm für Keihnachten, die Novelle für das Frühjahr fertig
596 1963 3335 2119 stellen. Bitte lache mich nicht aus, aber man muss diese Dinge tem-
589 2094 3361 2248 peramentvoller betreiben. Ich hätte an Deiner Stelle schon nach drei
587 2219 3369 2344 Wochen dem Herrn Fischer meine Meinung gesagt oder eine Antwort ur-
629 2359 3529 2473 giert. Die "Therese" muss spätestens zeitlich im Frühjahr in einer Zei-
594 2451 3437 2601 tung und womöglich noch vor dem Sommer als Buch erscheinen. Films, sol-
596 2619 3435 2758 che wie sie das rublikum oder richtiger die Filmgeschäftsleute wollen,
592 2727 3199 2874 müsstest Du ganz nebenbei aus dem Aermel schütteln, ohne Zeit und
594 2861 3436 3015 Kraft daran zu verschwenden und Dir Einfall und Namen bezahlen lassen.
586 3027 3425 3155 So, jetzt habe ich Dir eine menge Ratschläge gegeben, die Du leider alle
601 3151 3354 3287 nicht befolgen wirst. Auch wahrscheinlich nicht den - sobald Du mit
620 3275 3316 3390 der Badener Novelle und "Therese" fertig bist, Dich dem grossen hi-
597 3393 3271 3548 storischen DramaKaiser Josef zuzuwenden - und doch fühle ich ganz
599 3553 3234 3675 wgenau, dass Du Dich darin ganz entfalten würdest, weil es Dir alle
597 3662 3318 3821 Möglichkeiten gäbe. Jetzt bin ich aber sehr müde und gehe schlafen.
592 3822 3288 3946 Gute Nacht, mein Liebes, auf ein gutes Wiedersehen und einen schönen
586 3925 3236 4111 Winter, der dieses Sommers würdig wäre. Ich umarme Dich tausendmal
1743 4063 2203 4209 Deine C.K.
3386 121 3514 261 35
