3771 4710
710 286 1347 545 Tgb. 27.1.1930.
708 557 1147 704 alles gut.
697 663 3441 824 28.1. Wilmi und nedwid zum Tee. Um 28 kaum dass sie fort waren,rief
693 829 3388 954 A. mich an. Ich hatte Mittag meine Ahnung ausgesprochen, dass heute
706 950 3422 1075 der projektierte Aderlass gemacht wird, er leugnete aber, / gab es jetzt
717 1068 3515 1227 zu. Er wollte mich nicht beunruhigen, ehe er sich nicht ganz davon er-
746 1221 3437 1323 holt hatte. Kam gleich darauf selbst herüber. Lieb undzärtlich, wie
751 1366 2080 1458 seit vielen,vielen Wochen nicht.
718 1460 3519 1610 im Radio Konzertübertragung von Grosz (dem Exliebhaber der v., der sie
704 1616 3330 1746 nach zwei Monaten sitzen liess). Wir hörten innig umschlungen zu
704 1757 3441 1908 und lachten über die seltsame Situation. "Wermir das vor zehn Jahren
708 1885 1838 2021 prophezeit hätte", sagte er.
706 1997 3183 2132 Auf einmal ist die Welt schöner für mich, alles viel leichter.
712 2136 3342 2249 Heute ein Brief von Roth aus Budapest wegen Dramatisierung meiner
706 2250 3211 2386 Novelle "Die Tochter des Hauses" für den Schauspieler Beregyi.
712 2396 2619 2521 In der Stadt Begegnung und Gespräch mit Moissi.
705 2534 3499 2666 Gestern Abend beim "Kaiser von Amerika", Josefstädtertheater. Schwaches
709 2669 3333 2798 Stück, aber doch ein Shaw und glänzend gespielt. Waldau als Kaiser
700 2781 3352 2899 Magnus bezaubernd wie immer. Nachher "Hahn" genachtmanlt. A. wie-
693 2917 2646 3091 der wesentlich kühler trotz meiner Herrlichkeit.
700 3073 3327 3241 31.1. Gestern Abend bei der letzten Aufführung der "Sommerlüfte".
706 3237 3312 3381 Elisabeth Bergner im Theater. A. holt sie in unsere Loge, geht im
698 3350 3585 3529 Zwischenakt mit ihr auf die Bühne, ich bleibe allein. Publikum sehr bei-
699 3537 3337 3664 fallslustig. Nachher A. und ich im Imperial. Ich hatte eigentlich
672 3636 3392 3769 auf ein Zusammensein mit der Bergner gehofft, die mich interessiert.
688 3798 3340 3922 A. freundlich kühl zu mir, frägt wiederholt, warum ich ihn immer so
692 3884 2923 4010 forschend ansehe. Ich weiss gar nicht, dass ich das tue.
689 4024 3409 4172 Vormittag in der Stadt, jetzt allein. Ich bin erkältet. A. abend al-
683 4150 1250 4313 lein zuhause.
3585 103 3674 245 26
