3787 4667
680 313 1323 460 Tgb. 12.9.1929.
699 483 3580 635 zu sein scheint. Aber wie schön wäre ein anderer Abschluss dieser Reise
687 646 3626 761 gewesen. Und ich hatte mich so gefreut, dass A. erholt und heiter war wie
683 785 3523 914 noch nie. Ich sitze in meinem Zimmer und muss weinen. In zwei Stunden
698 903 1381 1062 trennen wir uns.
696 1009 3646 1137 Wilde Auseinandersetzung, die unvermeidlich war. Ich schreibe A. schliess¬
705 1147 3616 1288 lich ein paar Zeilen, um mein und sein Verhalten festzulegen. Ich schrei¬
693 1281 3499 1409 be: "In meiner Verstimmung, die jeder Mensch verstehen müsste, lag noch
711 1409 2675 1561 immer mehr Liebe als in Deinem Ueberschwang" etc.
698 1550 3482 1663 Und plötzlich sah er ein. Er brachte mir Rosen; sagte: dass die ver¬
699 1635 3706 1801 gangenen Wochen die schönsten seines Lebens gewesen sind und dass er nur
682 1806 2564 1955 dafür dankt. Und dann war alles wieder gut.
698 2000 3468 2121 13.9. Wien. Gestrige Reise sehr ermüdend. Kam um 11 halbtot hier an.
691 2138 3552 2250 Diese 3 Reisetage waren erschöpfend. Liebes Telegramm von A. vorgefun-
690 2275 3566 2407 den, der schon um 13 an Ort und Stelle war. Wohnung sehr sauber
708 2374 2152 2564 angetroffen, alle Vasen voll Blumen.
697 2616 3603 2720 14.9. Gestern Bestimmung, gemacht, niemand gesehen. Heute Vormittag
714 2704 3506 2885 zu Minna hinüber, die mich glänzend aussehend findet. Dann in die neue
710 2864 3638 2994 Wohnung von Carry und Magdi, um Reinigung etc. zu veranlassen, während sie
707 2970 3439 3103 in Ricclone sind. Nach Tisch zweiten Brief an A. geschrieben. Jetzt
705 3080 3563 3250 sollen Otto und Emma kommen. Von A. eine Karte. Morgen wohl ein Brief.
712 3265 3596 3418 Sonntag. 15.9. Merkwürdigerweise kein Brief. Bin beunruhigt. Sonst schö-
699 3426 3647 3600 ner Tag. Anna zu Tisch. Recht gemütliches Zusammenbleiben. Später Frieda.
704 3557 3580 3708 Mit ihr zu Fuss nach Pötzleinsdorf zu Strasser. Dort genachtmahlt. Viel
733 3706 3524 3867 Über A. und O., über ihren Aufenthalt in Aussee, Jakob W., Prof. Schinne¬
709 3820 2124 3979 rer gesprochen. Sie ist sehr klug.
712 3977 3633 4100 Gestriger Abend mit Otto und Enmy sehr nett. Auch Wolfi war einen Augen¬
709 4077 3511 4224 blick da. Entzükender Bub, aber viel zu selbständig und frei erzogen.
