3690 4703
635 294 1129 398 1. Juli 1925.
568 373 1020 468 3axaxka2s
562 535 1612 688 nötig. Wunderbarer Abend.
567 667 3243 827 2.7. Von Cary Telegramm, dass er seine Prüfung gut überstanden hat.
576 787 3178 943 Ich bin so froh über den lieben Buben. Ausflug nach Wolkenstein.
580 932 3295 1064 Friedliches gutes Zusammensein, trotzdem es zeitweise regnete. Immer
590 1055 3299 1182 wärmere Stimmung. Wunderschöner Abend bei Musik (im Hotel Bristol) -
572 1220 2359 1309 dann nach Hause. Wunderbare, seltsame Nacht.
584 1315 3463 1431 4. Juli. Gestern gebummelt. Sehr guter Tag. Fertig gepackt, um 4 Uhr geht
588 1481 3346 1592 es heimwärts, Wirklich schöne Stunden lassen schlimme immer so rasch
584 1611 3306 1708 vergessen. Vielleicht gehört der Schmerz dazu. Vielleicht empfindet
588 1722 3221 1814 man dann umso stärker wie sehr man miteinander verwachsen ist.- -
568 1860 1340 2015 Es war doch schön!
3468 76 3616 268 174
