3787 4667
538 281 1183 447 Tgb. 21.7.1929.
589 432 3083 634 22.7. Otto bei mir. Auch melancholisch. Weint über Hugos Tod.
554 599 3060 812 23.7. Schöner Abend bei A.! Beim Heimweg ekelhaftes Erlebnis.
562 806 3351 989 24.7. Mit A., Schinnerer und Frieda im Kino. Elender Film. Beim Gruss
574 953 3430 1155 genachtmahlt. Gute Stimmung. An einem Tisch ein Herr van Hanen, der ein
569 1089 3355 1243 Flint von Lili gewesen ist. Was für einen schlechten Geschmack hatte
570 1250 2270 1439 dieses arme Kind. Abenteurerphysiognomie.
582 1387 3394 1571 25.7. A. bei mir zum Nachtmahl. Er war traurig und blass. Während das
579 1580 3465 1745 Radio "Die verkaufte Braut" spilte, sass er mit geschlossenen Augen da.
588 1727 1544 1879 Morgen Lilis Sterbetag.
593 1830 3517 2062 26.7. Mittag bei A., der heute ruhiger ist als ich gefürchtet habe. Abend
594 1987 3464 2178 ist seine Nichte Anny mit ihrem Mann Dr.Donath bei ihm.Carry, Magdi bei
596 2140 3300 2316 mir. Herry fährt morgen für einen Tag nach Kitzbühel zur Braut. Ich
616 2322 1793 2466 spreche ihn nur telefonisch.
613 2428 3540 2633 27.3. A. sieht schlecht aus. Im Kino bei "Komödiantin" (netter Kirsch).
615 2606 3486 2753 Dann "Linde" gemachtmahlt. Gedrückte Stimmung, Unschlüssigkeit wegen un-
623 2705 3504 2912 serer Reise. Fühle, er wartet auf irgendwelche Entschlüsse der O. Nachm.
605 2881 1988 3036 Lotte M. (besonders liebe Person).
626 3006 3426 3230 28.7. Abend bei A. traurig, Melancholie. Ich bin auch schon ganz krank.
629 3231 3399 3403 30.7. Abend A., Frieda und Schinnerer bei mir zum Nachtmahl. Sehr fad.
636 3371 3383 3537 A. müd, setzte sich nach dem Nachtmahl in einen Fauteuil und schlief.
629 3546 1758 3727 Kühles, regnerisches Wetter.
633 3671 3529 3866 31.7. Abend mit A. im Kino ("Mutige Seefahrer"). Schmarrn. A. bloss, aber
634 3808 3497 4025 bessere Stimmung. Wetter kühl, bei Gruss genschtmahlt. Heute viel gear-
634 4000 966 4145 beitet.
645 4136 3468 4311 1.8.29. Bei Sonnenschein erwacht. Mit A. kleiner Morgenbumnel. Bessere
646 4309 3349 4484 Laune. Nachmittag am Stück weitergearbeitet. Gegen Abend Gewitter.
3555 34 3702 110 -
3549 115 3691 264 252
