3771 4723
622 340 1355 526 Forts. v. 4.2.1931.
620 552 3479 671 rium sei, was A. mir zunute. Ich wollte A. mein Gespräch mit D. schrei-
633 698 3372 819 ben, ihn völlig frei geben und ihm schriftlich mitteilen, dass ich, da
645 828 3377 943 er trotzdem ich ihm mein Herz,meine Nerven, meine Gesundheit gegeben
616 950 3249 1116 habe und mich lächelnd immer wieder in diese qualvolle Situation
627 1098 3316 1224 hineingefunden habe und er sich trotzdem über unsere Beziehung be-
628 1233 3437 1384 klagt und angeblich darunter leidet, ich ihn eben vollkommen frei gebe
618 1320 3400 1474 und meiner Wege gehe. D. beschwor mich, ihm das alles zu sagen und ja
642 1480 3310 1647 nicht zu schreiben und dass er das Gefühl hat, dass noch alles gut,
639 1611 3410 1765 ja vielleicht besser denn je werden könne. Ich glaube es nicht mehr.
672 1744 3436 1902 War dann bei den Kindern zum Nachtmahl. Carry sagte, ich sehe so aus,
625 1844 1669 1985 dass ich ins Bett gehöre.
627 1980 3504 2152 5.2.1931. Wenn ich denke, dass A. mir am 1. Januar (laut Tagebuch) vorge-
631 2123 3441 2288 worfen hat, dass ich nicht gut zu ihm stehe und ich müsse doch endlich
618 2278 3332 2425 fühlen, wie lieb er mich hat und ungefähr dasselbe sagte er mir noch
669 2379 3369 2554 Sonntag Mittag, als ich im Bett lag und am Abend desselben Tages be-
613 2542 3412 2690 klagt er sich bei Dr. D. Ich weiss nicht mehr, was mit mir werden soll.
620 2656 3238 2790 Vormittag auf eine Aufforderung hin bei Frau v.Zsolnay im Palais
615 2790 3400 2939 Collalto. Manche Menschen sind noch sehr reich. Sie findet meine No-
623 2937 3430 3084 vellen entzückend, aber sie weiss nicht, ob sie ihren Sohn dazu bringen
614 3016 2597 3201 wird sie zu verlegen. Wie nötig wäre es für mich!
609 3139 3359 3302 Ein Komponist Hiller teilt mir telefonisch mit, dass er mein Gedicht:
615 3293 3285 3422 "Wissen um den Tod" vertont hat und dass es am 28.im Industriehaus
613 3424 3355 3580 mit Orchester und Sophran zur Aufführung kommt. Sicher eine Läpperei.
610 3537 3370 3726 Hofrat Pollak (Friedas Bruder) bringt mir die Corday zurück, die ich
606 3696 3339 3845 ihm zum Lesen gegeben. Windet es ein Werk von Rang, ausgezeichnet im
597 3797 3411 3942 Aufbau etc., besonders die männlichen Szenen sehr dramatisch. Aber ich
597 3947 1258 4115 bin müde,müde.-
605 4079 3440 4214 A. hat in der Früh telefoniert (vom Semmering). Ein paar nichtssagende
597 4179 2068 4373 Worte, dürfte morgen zurückkommen.
3586 139 3670 309 19
