3747 4687
363 312 518 458 II.
367 439 3189 564 Jetzt sitzt er seit 14 Tagen mit der geschiedenen, davongelaufenen
373 574 3330 718 Gattin in G. und ich vermute Fr. Cl. in der Nähe-Talheim ist nicht weit-
369 685 3299 855 20. Trübes Erwachen. Fühle mich heute sehr elend. Gespräch mit Dr. D. der
381 834 3380 1000 mich bittet bei ihm und seiner Frau zu speisen.- Das Haus hier eingerüstet
370 951 2254 1128 Schmutz Staub, keine Ordnung keine Bedienung-
380 1068 3468 1238 Von Herr 2 Briefe schon aus B. Air. Er läuft herum eine Stelle suchen. Wohin
386 1219 1170 1377 ich schau - Sorgen!
385 1363 3395 1517 Mittag bei D's, gute Menschen aber ich bin zu traurig. Habe keinen Bissen
380 1466 1750 1616 hinuntergebracht. - Einsamkeit –
371 1564 3296 1737 21. Keine Nachricht. Mittag im Türkenschanz- Park mein Essen geschluckt.
384 1741 3414 1884 Vormittag eine Wohnung Theobaldgasse angesehen. Leider unmöglich. Ich will
389 1867 1427 2032 hier fort - aber wohin?
1355 1926 1560 2056 D. D.
383 2010 3425 2162 N. M. Carry u. später Dår D. Ihm die letzten Briefe von A. gezeigt. Er ver-
390 2154 3423 2293 steht sein Vorgehen nicht, glaubt aber noch immer dass Alles sich einränken
393 2240 1466 2440 wird. Ich weiss esist aus.
2446 2346 3366 2534 Wozu die Komödie) Das
392 2402 2391 2532 22. Heute FruhAnruf von A. aus G. Wie es mir geht
378 2486 3505 2637 Wetter wird jetzt erst schön, er bleibt ein paar Tage länger, wird mich even-
389 2633 3423 2771 tuel Dienstag wieder anrufen. Ich habe vor Aufregung und Erbitterung gezit-
393 2767 3431 2922 tert-Was aus mir wird ist ihm ja doch egal also wozu diese Anrufe? D"rD ist
404 2922 3429 3055 scheinbar empört, will an A. schreiben. Wozu noch? Dieses Weiterschleppen-
407 3027 3522 3190 wozu-- V.-Mittag Stadt, Flu- Post für Herr bei Hedwig bei Carry- Niemand kann
397 3146 3393 3313 mirmehr helfen. N. M. in hysterischen Weinkrämpfen auf dem Divan gelegen.
390 3264 3450 3455 Anny D. kam mit der Kleinen Trude für Spielsachen danken die ich ihrschicke
402 3454 2525 3591 wollte mich mitnehmen, aber ich konnte nichtmehr.
403 3549 3382 3712 23V. M. I Stunde mit Anny D. im Türkenschanz - Park dann allein. Mein Weg
399 3668 3429 3830 wird nichtmehr weit sein-Carry hat Magdy,Hery ist fort, wozu mich weiter-
397 3806 1895 3981 quälen. Mir ist nichtmehr zu helfen.
407 3953 3383 4087 24. Am Abend eine Stunde bei Anny I. sonst allein- In der Früh wieder ein
406 4039 3338 4240 Anruf von A. aus G. Kommt vielleich Mittwoch. Wozu teilt er esmir mit?
410 4205 2035 4328 Kein gutes Wort kommt von seinen Lippen.
413 4345 3126 4484 25. Mittag mit Carry. Um 7 Uhr Anruf von A. der bereitsin Wien ist.
3448 92 3577 257 230
