3759 4670
1737 335 2818 493 Bad Gastein,Villa Wasing,
1726 423 2163 538 14.8.1931.
718 538 3351 694 Liebes Kind,-Danke, aber ein anderer Inhalt Deiner Zeilen wäre in
695 663 3382 817 diesem Augenblick zweckmässiger gewesen.- Ich sende diesen inlie-
677 771 1201 932 gend zurück.
715 914 3498 1095 Gmunden lieg gar nicht auf meinem Weg, umso mehr als Du ja nicht wie-
685 1057 3418 1230 sen konntest, welchen Weg ich allein einschlagen würde. Schliesslich
675 1186 3334 1341 7 Stunden Fahrt mit einer Stunde Aufenthalt in Attnang sind nicht
717 1316 1196 1458 bezaubernd.
686 1410 3369 1559 Ich konnte nach Deinen Anrufen in Wien, und einem sehr lieben Brief
700 1599 3319 1728 Bes Dr. Donath annehmen, dass Du hierher oder zumindest mir ent-
704 1745 3295 1860 gegenkommen würdest. Aber Du scheinst inzwischen dieb Situation
646 1846 3390 1967 vergessen zu haben oder vergessen, zu wollen. Wenn ich Dir auf Dei-
650 1995 3401 2137 nen Wunsch Dich wiederzusehen Salzburg oder einen andern Ort an der
651 2113 3369 2226 Strecke (ich meinte etwa Zell) vorgeschlagen habe, so geschah es, um
672 2252 3331 2396 Dir dieses Zusammenkommen zu erleichtern und wegen der vielen Be-
707 2343 3566 2510 kannten und bekannten Erscheinungen hier, die Dir vielleicht unangenehm
674 2506 1234 2634 gewesen wäre.
644 2635 3534 2762 Gmunden war mir nie sehr sympathisch. Jeder Ort kann einem sympathisch
678 2747 3404 2890 werden aber vorderhand sehe ich leider nichts, was mich dies erhof-
642 2887 3304 3032 f en lässt. Wenn ich trotzdem bereit bin am 18. um 18 Uhr 20. d.i.
666 3015 3335 3141 gegen 17 Uhr abends dort einzutreffen, so thue ich es nur mit Rück-
711 3148 3433 3297 sicht auf Deine Nerven, Deine Bequemlichkeit. Deine Gesundheit, und um
634 3281 3457 3433 den Irritationen dieses "Hin und Her", das mir so gar nicht liegt, ein
644 3411 3381 3558 Ziel zu wetzen. Ich hatte gestern auf meinen Brief vom 12., der sich
663 3530 3372 3659 mit dem Deinen kreuzte, ein Telegramm erwartet. Da keines kam, bleibt
701 3653 3424 3822 es bei dieser Vereinbarung und bitte ich Dich nur umgehend um eine
649 3808 3414 3957 Zeile, die mir den Empfang dieses Schreibens bestätigen soll. Indessen
660 3900 2216 4052 schönste Grüsse und weiter alles Gute.
2280 3960 2980 4159 Clara Katharina.
