3758 4683
2415 271 3319 429 3.8.1926. Bl.2.
573 489 3396 625 Die Sonne strahlt in mein Ostzimmer, ich mache mich fertig und wandere
578 638 3425 775 ins Freie. Von meiner Ischias ist nicht das geringste mehr zu verspü-
616 796 3309 914 ren. - Lebwohl, mein Schatz, ich freue mich auf die Sonnenstunden mit
620 892 3281 1024 Dir, - auch wenn es zufällig der Mond sein sollte; - und umarme Dich
623 1004 1042 1189 zärtlich.
1617 1167 1885 1289 Dein
1916 1304 2025 1424 A.
3468 93 3622 288 323
