3726 4662
2212 290 2947 433 18.8.1924. Bl. 2.
586 470 3327 669 wieder zu ihrer Gesellschaft, die ich einfach nicht mehr ertrage und
543 604 3279 790 halten sich nur meinetwegen einen Tag in Luzern auf, damit ich nicht
554 778 3192 931 allein bin. Auch wollen sie mir die guten Geschäfte zeigen, da sie
543 908 1426 1063 schon oft dort waren.
559 1009 3326 1206 Morgen wird gepackt und Mittwoch Nachmittag fahren wirahinunter. Die
600 1134 3274 1322 Intriguen, Tratschereien etc. sind hier an der Tagesordnung und die
589 1274 3281 1444 schöne Gegend leidet unter dem immer unsicheren trüben Wetter. Die
572 1412 3281 1570 Sonne kommt nur auf eine halbe Stunde heraus und blendet und brennt
605 1518 3441 1690 dann in einer unangenehmen Art. Ich kann alles Undezidierte nicht lei-
564 1641 3421 1835 den. Einen einzigen Tag war ein strahlend blauer Himmel. An meiner No-
565 1801 3401 1942 velle hab ich noch nicht viel gearbeitet, circa 8 Seiten Kanzleipapier,
606 1948 2360 2065 aber das Wenige scheint mir nicht schlecht.
612 2047 3370 2220 Ich freue mich schon so auf die versprochene Vorlesung und auf unser
570 2216 1756 2358 Zusammensein und überhaupt.-
571 2305 3415 2460 Ich bin sehr stolz und glücklich, dass ich Dir etwas bin - ich zweifle
582 2466 3425 2598 ja so oft - aber heute glaube ich es wieder. Dass Dir der Abschied von
571 2612 3301 2750 Heini schwer wurde kann ich sehr, sehr gut verstehn und ich habe oft
615 2744 3380 2880 daran gedacht. Hoffentlich wird ihm der Aufenthalt in B. seinen Wün-
582 2864 3382 2989 schen näherbringen und ihn künstlerisch befriedigen. Wievieles möchte
586 2976 3390 3135 ich noch sagen und fragen, aber mündlich wird das besser gehn. Lebwohl
577 3112 2772 3244 Liebster, ich küsse Dich innig. Dein von ganzem Herzen.
1981 3242 2662 3380 Clara Katharina.
3519 103 3627 245 98
