3746 4638
712 279 1100 431 3.9.1930.
605 463 3478 631 ehemaligen Rittmeister Kerst (mein Kriegsflirt), den ich 15 Jahre nicht
633 594 3623 763 gesehen. Ich habe gewusst, dass er verheiratet ist und in M. lebt, aber
619 767 3514 922 nicht wo. Enny R. hatte mir für eine zufällige Begegnung mit ihm Grüsse
637 875 3477 1018 aufgetragen. Nachdem ich mich durch eine Frage am Schalter vergewissert
627 1012 3360 1137 habe, dass er es wirklich ist, klopfte ich an der offenstehenden Türe
619 1183 3444 1309 an. Er erkannte mich sofort, schien sehr erfreut, fand mich unglaublich
626 1263 3558 1432 unverändert, kurzum mein Selbstbewusstsein wurde etwas gehoben. Er sprach
636 1429 3391 1560 von seiner Frau, die um 23 Jahre jünger ist als er, liess durchblicken
637 1539 3447 1681 (oh Männer.), dass es keine grosse Liebe war. So schön und elegant wie
634 1659 3526 1792 einst ist der Herr Rittmeister nicht mehr. Immerhin war es nett ihn ge-
639 1813 3368 1961 sprochen zu haben. Ich erzählte es A., als ich heimkam. A. fand mich
1338 1894 1598 1984 mürde
638 1922 3485 2058 glänzend aussehend, zärtlich, fast stürmisch. Ich bin zurückhaltend. Ich
636 2068 3431 2233 sagte, ich mag keine Sinnlichkeit, wenn nicht auch die Seele dabei ist.
629 2170 3468 2314 Er antwortete: "Ich habe dich immer gleich lieb. Nie ändert sich etwas
634 2321 3407 2478 in meinen Gefühlen zu dir, nur die Fähigkeit sich zu äussern ist ver-
640 2435 3476 2565 schieden und hänge mit seinem jeweiligen Befinden, seiner Stimmung zu-
641 2624 3551 2756 sammen. Es istwals ob Nebel sich teilen würde. Er bewundert wieder alles
644 2710 3436 2849 an mir. Ich frages lachend, fast übermütig: "Warst du mir immer treu?"
624 2817 3453 2980 Er: "Ich schwöre dir, mir ist noch nie der Wunsch gekommen dich zu be-
665 2984 3475 3157 trügen.“ Stundenlang wirbt er um mich. Ich werde nicht mehr widerste-
674 3106 1408 3250 hen xxx können
