3782 4686
2557 283 2982 441 30.4.1928
2353 432 3247 585 Herrn vor dem Traunen N Triest.
733 563 3354 679 Liebstes, gestern in Raguza bekam ich Deinen zweiten Brief; so hab
794 693 3367 840 ich im ganzen drei Karten und zwei Briefe erhalten und ich will
762 841 3520 939 nur hoffen, dass meine Karten und Briefe pünktlicher angekommen sind-
754 973 3488 1083 und vollzähliger. Dein Brief nach Athen ist aller Wahrscheinlichkeit
789 1078 1189 1195 verloren.
741 1223 3384 1374 Seit heute Früh regnet es, so dass man - das erste Mal während der
749 1352 3385 1506 ganzen Reise - nicht einmal auf dem Verdeck herumgehen kann. Nach-
743 1481 3382 1624 mittag um 5 sollen wir in Triest ankommen; bis man vom Schiff weg-
781 1605 3481 1776 kommt dauert es 1-2 Stunden; ich schicke mein grosses Gepäck direkt
775 1752 3533 1849 nach Wien, fahre mit den Kindern hoffentlich noch Abend nach Venedig,
784 1867 3416 2019 wo wir gegen Mitternacht ankommen; Donnerstag nach Wien -falls das
784 1975 3406 2154 Wetter sich nicht bessert natürlich per Bahn. Das Briefpaket,
773 2133 3535 2296 das mir Kolap nachgesandt hat, enthielt geschäftlich ziemlich gleich-
730 2263 2980 2399 gültiges, mässig ärgerliche aussländische Correspondenz.
762 2401 3404 2514 Ich danke mirm dass Du mir das Feuilleton von R.A. nachgeschickt
719 2520 3541 2673 hast, ich kann es nicht so besonders unliebenswürdig finden, der Roman
726 2628 3368 2823 gefällt ihm offenbar nicht besonders - und bei dieser Gelggenheit
718 2775 3472 2957 kommt allerlei Ressentiment heraus und viel gescheidtes ist ihm eben
761 2908 3430 3097 nicht eingefallen, aber es gibt keinerlei Grund sich zu ärgern. Ich
716 3025 3401 3174 haber dergleichen (und in viel weniger anständiger Form) schon oft
713 3182 3314 3328 genug erlebt. Den Zug der Schatten hab ich mit Sorgfalt gelesen;
717 3305 3451 3448 es ist noch mancherlei daran zu machen, aber bei einigem Elan müsste
719 3419 3269 3608 das Stück im Sommer fertig sein. Was die Aufführung anbelangt -
724 3573 3315 3719 so gibt es für mich keine Ueberzaschung mehr. (Von Herterich war
699 3695 3359 3847 unter der nachgeschickten Correspondenz nichts. Man weiss wirklich
706 3796 3414 3969 nicht mehr, wie man sich dieser Flegelei gegenüber verhalten soll.) -
709 3926 3387 4132 Gesundheitlich fühl ich mich sehr gut und wünschen von ganzem Her-
710 4072 3461 4223 zen auch Dich körperlich wohl und in besserer Stimmung zu finden, als
704 4218 3532 4389 ich Dich verlassen habe - und als die spärlichen Nachrichten verraten,
3578 141 3707 269 120
