3759 4707
2323 271 3088 434 25.12.1926. Bl.2.
675 472 3429 600 Tschechow, worin Heini in einer kleinen Rolle ausgesprochenen Erfolg
679 613 3303 759 hatte. Für morgen Mittag bin ich mit Heini zu Fischers geladen.-
688 730 2215 858 Abend "Lulu" xxx (Heini: Hugenberg). -
686 844 1964 1008 Montag beginnen die "Geschäfte".
674 951 3336 1110 Heute Nacht ein sehr charakteristischer Traum von Lili; sie hatte
685 1129 3384 1244 allein eine gefährliche Bergpartie Semmering unternommen; - ich bin
681 1267 3261 1395 überzeugt, es geht schlimm aus. Da kommt ein Telegramm, dass sie
673 1409 3171 1529 glücklich zurück ist - und in einem nicht klaren Zusammenhang
677 1517 3179 1646 figurirt eine Filmgesellschaft Ufa oder Afa in der Depesche.-
684 1635 3257 1786 - Lebwohl mein Liebes, ich bin mit allen zärtlichen Gedanken bei
673 1791 1707 1930 Dir und küsse Dich innig.
1669 1919 1898 2036 Dein
1907 2055 2013 2152 A
1897 2175 2176 2285 - - - -
3509 117 3653 253 358
