3702 4694
2582 440 3019 580 17.3.1925.
580 588 3356 762 Abreise an Dich schreibe und bei meinem leider so einförmigen Leben
603 723 2032 886 häuft sich der Stoff nicht gerade.
1134 860 3242 969 Ich glaube, das "Märchen" wird erst im Jahre 1960 im
614 971 3245 1119 Kostüm von 1890 als historisches Werk einen grossen Erfolg haben.
656 1103 3428 1258 Heute ist die Distanz zu gross, und um aktuell und nicht gross genug,
622 1270 3359 1374 um als Dokument einer vergangenen Zeit zu wirken. Der Mann, der sich
595 1358 3225 1488 an einer so bescheidenen Vergangenheit eines Mädechens stösst, den
616 1503 2764 1660 müsste man heute tatsächlich mit der Laterne suchen.
1137 1631 3268 1751 Die "Liebelei" wird sicher wieder ein grosser Erfolg
607 1794 3347 1904 sein, obwohl ich nicht überzeugt bin, dass meine geliebte Bergner die
626 1890 1589 2050 richtige Christine ist.
1127 1982 3268 2139 So, mein Liebes, jetzt mache ich Schluss für heute und
661 2159 3381 2298 freue mich schon auf die morgige Post. Hoffentlich wirds keine Ent-
672 2279 3344 2409 täuschung. Hast Du Dir schon den Schlafplatz für die Rückreise be-
678 2421 1764 2587 stellt? Tus nur bei Zeiten!
1188 2564 2346 2713 Einen innigen Kuss von Deiner
1931 2676 2147 2826 C.K.
3408 98 3578 255 149
