3787 4667
601 336 1209 482 Tgb. 1.8.1929.
639 461 2602 618 A. kan noch gegen ½10 auf einen Plausch herüber.
583 641 3446 779 2.8. Viel gearbeitet. Abend Kino "Eine Nacht in London". Hüks cher, amü-
601 795 3624 948 santer Film. Westbahn genachtmahlt. Gute Stimmung, aber Klagen über Befinden
601 997 3486 1142 3.8. Vorm. mit A. in der Stadt, Viel von der Reise die Rede. Vielleicht
600 1141 3287 1250 erst nach Ouchy Genfersee, dann in die Höhe. Ich weiss nicht, ob ich
598 1251 3289 1396 mich freuen soll. Frieda den 2.Akt "Dame" diktiert. Abend Anna und
588 1384 892 1538 Maria.
591 1567 3230 1714 4.8. Vorm. mit A. Schinnerer und Frieda wundervolle Autofahrt über
590 1735 3304 1880 Weidling, Tullbing, an dem Schloss vorbei, das ich einmal fast gekauft
579 1841 3319 1965 habe, Kierling, Klosterneuburg. Mittag alle bei A. Gute Stimmung, gute
591 1965 3432 2103 Gespräche. Die Sonne kam langsam heraus. Nachm. geruht und gearbeitet.
595 2092 3092 2251 Abend allein bei A.Sehr zärtlich. Er hat mich doch sehr lieb.
630 2251 3378 2439 5.8. In der Stadt, Nachm. Gisela B. meine Gedanken meist bei meinem
592 2428 2234 2602 Stück. Am Abend gearbeitet. Gutes Gefühl.
560 2592 3263 2759 6.8. Vorm. mit A. in die Stadt und Südbahngarage wegen etwaiger
594 2760 3465 2868 Autotour. Er kommt zu keinem Entschluss. Sehr enervant, da ich keinerlei
589 2862 3482 3037 Reisevorbereitungen treffen kann. Am liebsten bliebe ich schon in Wien.
575 3029 2830 3191 Nachm. Frieda diktiert, die den 3.Akt langweilig findet.
636 3124 3436 3291 Von der Presse endlich Bescheid. Ich soll 1000 S. Vorschuss auf meinen
588 3277 3313 3414 Roman beheben, ohne Angabe, wieviel das Honorar beträgt. Ich binffoh
592 3393 1712 3559 wenigstens so weit zu sein.
615 3575 3467 3727 7.8. Kino mit A. "Fahrende Leute". Sehr gut unterhalten. Dann "Linde".
579 3715 3315 3857 A. etwas heiterer, im Laufe des Abend nach anfänglicher Melancholie
573 3880 3407 4085 8.8. Mittag Cary Magdi zu Tisch. Beide sehr lieb. Magdi fährt morgen
583 4038 3397 4216 für 3 Wochen zu Mihren Eltern nach Aussee. Cary zieht ins Spital. Am
570 4198 2504 4326 1. Sept.zirka gehen sie auf Urlaub nach Italien.
