3726 4662
1959 317 2879 486 12.8.1924. Seelisberg.
589 469 3286 613 Liebster, um 9 Uhr brachte die Post Deinen lieben Brief vom 11. und
609 586 3152 724 ich brauchte eine volle Stunde, um ihn zu entziffern. Also Deine
598 690 3212 840 Schrift ist viel unleserlicher als die meine. Aber das macht nix!
607 844 2988 988 Jedenfalls habe ich Deinen Zeilen entnommen, dass Du recht vor
3053 853 3143 973 ge
597 984 3093 1125 und gesellig lebst, was kein Vorwurf, sondern nur eine Konstatie
608 1088 1033 1232 sein soll.
627 1200 3353 1396 Deine weiteren Pläne sind mir etwas zu undeutlich und ich sehe gern
589 1335 840 1483 klar.
589 1499 3476 1664 Ich komme natürlich auch nach St. Moritz, wenn Du mir ein Stück sagen wir
562 1617 3288 1770 bis Chur entgegenfährst, aber ob es einen Sinn hat weiss ich nicht.
600 1779 3440 1909 Nachdem ich jetzt die ganze Zeit allein war, möchte ich zu einem behag-
589 1886 3390 2015 lichen Zusammensein gelangen und nicht zu einemenervierenden Hin- und
582 2020 3390 2178 Hergeziehe. St. Moriz wäre statt Seelisberg am Platz gewesen - jetzt -
571 2160 3426 2313 hielte ich ein Zusammentreffen in Luzern für richtiger. Ich könnte Dich
597 2270 3359 2408 auch in Brunnen abholen, wohin Du es von dort viel näher hast und ich
579 2419 3431 2555 ganz nah. Wir könnten dann zusammen gleich weiter nach Lutern. Es ist
583 2552 3428 2696 von hier aus nach Lugano auch viel näher als vom Engadin. Du könntest
575 2687 3265 2808 mich vielleicht morgen Donnerstag zwischen 1-2 oder 8-10 Uhr Abend
572 2822 3481 2956 telefonisch anrufen, damit wir uns verständigen. Ich hatte schon gestern
609 2916 3420 3047 Lust Dich anzurufen, aber ich weiss ja nicht wann Du in Celerina bist.
566 3059 3460 3218 Ich möchte Dich jedesfalls spätestens Sonntag treffen, (Ende der näch-
579 3166 3451 3311 sten Woche werde ich voraussichtlich nicht sehr reiselustig sein), ei-
561 3333 3230 3499 nen Ort gemeinsam wählen, von wo aus man Ausflüge in die Umgebung
570 3459 3253 3565 machen kann. Gegen Ende des Monats südwärts gegen Lugano oder
556 3574 3292 3730 Locarna oder wohin Du willst und gegen 6. oder 9. September, wenn Du
593 3703 2228 3830 Lili abholst, fahre ich nach Wien zurück.
535 3817 3236 3996 Wenn Dir St. Moritz aber doch lieber ist, dann sieh Dich dort um ein
558 3955 3216 4120 Zimmer für mich um, ich möchte aber nicht gerne mehr als 14 Francs
551 4094 3344 4226 ausgeben und gut wohnen. Colonna soll gut sein oder das "Privathotel".
542 4263 3367 4407 Ev. Lammgina "La Margna". Aber überleg es Dir gut. Ich möchte, dass
3512 87 3597 277 89
