3686 4706
545 247 1279 423 An A.S.Adelboden.
1861 211 2669 460 Wien, 1. August1926.
531 482 3330 641 Mein Liebes, ich bin eben aus dem Schlaf erwacht und habe mir das Fin-
421 561 3400 751 tenfass ans Bett ogeholt, um rasch Deinen sehr lieben Expressbrief Nr. 2 zu
428 735 3386 879 beantworten, den ich gestern Abend nach einem Besuch bei der alten blinden
428 869 3355 987 Tante Rosa um 8 Uhr Abend vorfand. Das "sehr lieb" bezieht sich besonders
421 982 3391 1126 auf die letzte Selte, für die Du einen besonders lieben Kuss bekommst.-Mit
419 1140 3265 1273 Dem Reiseprogramm kann ich nicht ganz einverstanden sein. Ich habe Dir
429 1265 3396 1421 schon schrecklich oft gesagt, dass Carly und Magda frühestens am 1.Sept. in
415 1418 3534 1562 Aussee am Abend ankommen, ich daher frühestens am 2. Sept. dort sein will, da ich
426 1511 3384 1678 sie sicher in den ersten Tagen des Wiedersehens, ebenso wie die Familie W.
419 1659 3475 1807 eher stören als erfreuen würde. Aber selbst wenn ich schon am 2.Sept. dort xxx
430 1800 3514 1913 eintreffe, könnte ich Dich erst, - wenn Du mich nach Aussee noch treffen willst,
423 1911 3503 2049 erst am 6.9. wo wiedersehen. Du wirst doch zugeben, dass es absolut sinnlos ist.
428 2051 3469 2216 dass ich eine grosse Reise in die Schweiz mache, um zwischen 8.8. und 6.9.nur
380 2186 3510 2286 diese paar Tage mit Dir zu sein, nicht zu wissen, was ich vom 25. - 2.9. mit mir
918 2242 1034 2357 and
420 2320 3348 2429 anfangen soll, xxx Dich erst am 6.9. in Oesterreich wiederzusehen. Wenn
414 2429 3421 2624 wir uns am 25. treffen, so bleibe ich gerne (gerne ist übertrieben) 4-5 Tage
883 2528 1060 2620 wir
461 2564 3501 2689 allein, wenn uns dann in der Schweiz oder nahe der Grenze wieder treffen. Wir
408 2709 3352 2893 bleiben zusammen, so lange es Dir passt und wenn Du dann nach Oesterreich
404 2846 3379 2949 fährst, zweige ich irgendwo nach Aussee ab, wo ich 3 Tage oca bleibe. Fährzt
397 2967 3500 3147 Du dann schon nach Wien, so fahre ich von Aussee aus direkt nach wien, bleibst
408 3081 3331 3223 Du noch in der Umgebung, so können wir uns ja nach Aussee ein drittes Mal
408 3201 3417 3361 auf zwei Tage zusammenfinden. Es wäre eine Art Hochzeitsreise auf Raten und
402 3345 3447 3544 Du könntest immer dazwischen in Einsamkeit schwelgen. Du musst doch zugeben,
413 3497 3372 3619 dass mein Plan viel vernünftiger und netter ist und eigentlich hattest Du
403 3587 3328 3774 ihn auch vor Deiner Abreise so geäussert Bitte, bitte sage, dass Du einver-
407 3728 2158 3910 standen bist, es kann so wunderschön werden.
403 3872 3331 4011 Was Du von Deinen Arbeiten sagst, verstehe ich auch nicht ganz, wenn Du es
405 4033 3451 4204 auch naiv nennet und meine persönlichen Erfahrungen lassen sich mit den Dei-
525 4104 738 4197 gernis
386 4157 3487 4351 nen nicht vergleichen. Ich fange an und fange kaum an in Wien bekannt zu wer-
384 4298 3542 4468 den und Du hast den Weltruhm für Dich. Wenn Du heute an die Vossische schreibt
3381 108 3560 291 314
