3686 4670
2970 241 3360 421 20.5.27.
495 425 3437 624 men als es Dir scheinen mag, denn ich weiss, dass auch Du schonungsbedürf-
490 614 2782 766 tig bist. Aber ich kann halt manchmal nicht durchhalten.
1052 754 3303 883 Ich könnte so viel über unsere Liebe, Über Dein und mein
481 854 3295 987 Wesen sagen, aber es ist mir, als würde ich nur oft Ausgesprochenes mit
488 994 3310 1164 anderen Worten wiederholen und als könnte ich manches, was Du nie ver-
493 1093 1769 1277 stehen wirst, auch nie erklären.
1049 1261 3351 1435 Ich hoffe, Du bist gut, ohne Kopfschmerzen und mit lieben
486 1377 1560 1537 Gedanken anmich angelangt.
1120 1505 1801 1660 Ich umarme Dich.
1479 1652 1946 1771 Deine C.K.
3492 99 3588 272 25
