3755 4670
2213 234 2978 420 14.9.1925 Bl.2.
534 398 3418 592 Dolomiten meinem Freund Willi das Leben gerettet -; und es stell¬
575 582 3333 728 te sich heraus, dass Kraus in dem Bankhaus meines Vetters ein höherer
570 691 3343 817 Angestellter - (übrigens auch angeblich Librettist und Componist) ist.
621 836 3342 975 So klein ist die Welt! - Nachmittag Weiher 3. Akt (der glaub ich der
568 998 3352 1102 beste ist). - Abend ein Spaziergang ins Land hinein, - Wiesen, Felder,-
571 1112 3296 1220 kleine Bäche, unsichere Uebergänge, Gehöfte, Wiesenpfade, Karrenwege, in
604 1216 3315 1358 mässiger Ferne die Berge, mit eingesprengtem rothen Marmor (Carrara
568 1384 3473 1553 ist in der Nähe.) - eine köstliche Landschaft (die mit Recht toscanisch
564 1473 1170 1631 genannt wird.)
559 1562 3182 1781 Herr W. (der sehr gute Bekannte von Frau K.) ist schon fort (wir
577 1740 3291 1877 fanden uns in Hotelgesprächen); unsere Abreise (da Lilis Geburtstag
567 1875 3543 2028 morgen noch begangen werden woll) auf Montag festgesetzt. Donnerstag
569 1990 3423 2187 von Florenz nach Venedig; und Samstag will ich mit Lili nach Wien fah-
551 2124 3339 2265 ren. Ich bitte Dich also auf diesen Brief nach Venedig poste restan-
570 2272 3409 2422 te zu antworten. Es ist seltsam und nicht sehr heimlich so lange keine
561 2405 3375 2585 Nachricht von Dir zu haben. Heute Nacht träumt ich, wir wären zusammen
539 2508 3371 2695 in einer Art von Exposition - zugleich in einer Kirche - ungefähr auf
554 2663 3396 2808 dem Rennweg - P.H.- war auch dort,- und sah uns nicht; irgendwer frag-
566 2807 3365 2941 te Dich, ob Du gern mit mir reisest - Du meintest unzufrieden, dass ich
549 2931 3286 3055 mir zu nichts die rechte Zeit lasse, - und sassest auf einem kleinen
561 3067 3316 3175 Strohzessel in jener Kirche - dann waren wir draussen auf dem Platz,
556 3179 3289 3342 etwa Schwarzenbergplatz und ich wusste, dass P.H. mit dem Auto davon-
570 3327 3365 3456 gefahren sei. Zugleich aber war es Trient, wo Herr Steffeneli uns pho-
544 3445 1370 3600 tographiert hatte.-
556 3580 3274 3749 Und nun mein Liebes sage ich Dir Adieu - und wünsche sehr, dass sich
558 3732 3357 3856 die Wiener Angelegenheiten, Wohnungssache etc. zu Deiner Zufriedenheit
550 3823 3356 3963 lösen, dass Du Dich bei Kremer so wohl fühlet als überhaptt denkbar ist
593 3934 2705 4046 und dass Du in Güte und Zärtlichkeit meiner denkest.
1036 3994 2230 4138 Ich umarme Dich innig. Dein A.
