3674 4682
571 333 1217 487 An A.S., Berlin.
2042 321 2695 500 Wien, 14.3.1929.
567 608 1092 752 Mein Liebes,
1098 724 3255 885 als ich heute Mittag aus der Stadt nach Hause kam, war
578 863 3288 964 Dein erster lieber Brief schon im Kasten und ich bin sehr froh, dass
583 997 3293 1118 Du mir gleich mehr als die usuelle Karte am Ankunftstag geschrieben
572 1117 3183 1238 hast und noch froher, dass die Verhandlungen doch fortzuschreiten
577 1257 3335 1389 scheinen. Mach's den Leuten nicht zu schwer. Ich bin eigentlich mehr
583 1374 3297 1511 für das Deutsche Theater, weil dadurch die Aufführung für hier (Jo-
569 1510 3307 1617 sefstadt) auch schon gesichert ist und weil Du es Dir durch eine Ab-
574 1637 3244 1772 lehnung vielleicht mit den Reinhardt-Bühnen für die anderen Stücke
587 1767 3212 1875 "Zug der Schatten" etc.) verdirbst. Sie werden es Dir vielleicht
575 1924 3203 2058 übel nehmen, wenn Du die "Else" dem Barnowsky überlässt. Für Deine
569 2044 3335 2198 Nerven würden allerdings die Vereinbarungen mit B. einfacher und zu-
612 2170 3281 2284 träglicher sein, das glaube ich selbst. Keinesfalls laviere zu viel
564 2305 3333 2439 herum, sondern trachte da oder dort rasch abzuschliessen. Mit dem He-
573 2432 2764 2544 rumziehen schaut niemas heraus, und macht Dich nur müd.
1085 2559 3256 2707 Mit dem Schmuckverkauf ist es natürlich wieder nichts
568 2681 3231 2830 gewesen. Sie wollten mir für den Smaragd allein 5000 fl. geben und
572 2808 3327 2938 darauf bin ich nicht eingegangen. Dann war ich beim Zahnarzt, den ich
566 2955 3311 3105 nun noffentlich für eine Weile los bin. Und nachher bin ich noch vor
566 3091 3201 3218 vielen Auslagen gestanden. Nach dem Essen habe ich geschlafen und
565 3229 3163 3356 ein wenig Autobiographisches geschrieben und notiert. Die rechte
557 3355 3271 3485 Arbeitsfreude fehlt mir eigentlich. Ich bleibe heute schon zuhause,
544 3454 3272 3634 trage nur den Brief selbst zum Kasten und will morgen Vormittag an-
560 3595 3237 3762 statt in die Stadt zu den Kindern hinübergehen, bei gutem Wetter zu
551 3749 3176 3891 Fuss. Heute Abend erwarte ich, wie ich Dir schon schrieb, Otto und
563 3842 794 4000 Emmy.
1063 3988 3257 4151 Ich habe den "Sport um G." (von Edschmied) angefangen -
555 4153 3324 4306 unerträglich! Das werde ich kaum zu Ende lesen. Zwei kleine Novellen
3440 109 3609 318 201
