2794 3358
2534 92 2697 258 300
547 985 2590 1110 Nach Arthurs Mittelmeer - Reise kam eine besonders
547 1130 2463 1253 glückliche Zeit. Ich war anfangs etwas kühl und
557 1277 2541 1397 reserviert gewesen begegnete seiner Zärtlichkeit
541 1389 2571 1507 mit einigem Mistrauen, aber er hatte mich so be-
577 1533 2709 1659 sonders, gern und ich liess mich nicht nur überzeugen
557 1661 2091 1777 auch meine Gefühle blühten wieder auf.
526 1799 2670 1916 Die Trennung wurde uns beiden schwer als A. am 27ten
547 1932 2616 2057 Juli zu seiner Familie nach Adelboden fuhr um dann
544 2031 1885 2163 später mit mir zusammenzutreffen.
544 2166 2627 2339 Hier beginnen meine ziemlich ununterbrochenen Tage -
525 2282 1450 2411 buch - Aufzeichnungen.
1017 2489 2673 2731 Hambethareus Dollazzy
