3770 4719
2383 241 3240 436 13.5.1926. Bl. 3.
764 408 3346 641 Empfindlichkeiten nach jener Richtung hin sein lassen? Ich muss
773 593 3382 716 nekx alle meine Dispositionen, mit denen Dir niemals ein Unrecht,
773 730 3493 835 auch kein ideelles zugefügt wird, in Unabhängigkeit treffen können.-
765 859 3344 975 Dass Du sehr fleissig bist habe ich (Du nimmst es ihr hoffent-
785 1003 3297 1144 lich nicht übel) von Frieda R.M. gehört. Ich freue mich, dass Du
777 1095 3423 1230 die "Treppe" wieder aufgenommen hast und bin sehr gespannt, was auf
2224 1214 2520 1296 meinen
782 1263 3451 1385 ihr werden wird. Ich selbst war, mit verschiedenen Plänen be-
792 1325 1081 1427 schäftigt
778 1399 3408 1501 schäft, habe aber (ausser einigen Bemerkungen) nichts geschrieben.
763 1519 3389 1666 Der Schluss der Badner Novelle macht mir weitere Sorgen. Was zu-
781 1660 3018 1772 nächst fertig wird dürfte jedesfalls das Diagramm sein.
758 1774 3424 1920 Deine Gesundheit und hoffentlich Deine Stimmung ist gut - lass es
769 1912 3456 2039 Dir weiterhin wohl genn und denke meiner mit guten Gefühlen (deren
778 2043 3337 2180 ich nicht ganz unwürdig bin). Ich will heute den Tag meiner An-
776 2183 3325 2340 kunft in Wien noch nicht festsetzen, um ihn nicht am Ende wieder
764 2309 3356 2463 hinausschieben zu müssen. Du wirst ihm begreiflicherweise recht-
773 2446 3258 2550 zeitig erfahren. Ich freue mich unserem Wiedersehen und allem
758 2562 3294 2713 was damit zusammenhängt, mehr entgegen als ich die Gabe besitze
758 2673 1437 2814 es auszudrücken.
1429 2815 2340 2967 Mit zärtlichen Küssen
1804 2952 2125 3078 Dein A.
1799 3070 2052 3201 - - - — —
3508 117 3599 276 29
