3786 4638
2508 302 3215 483 23.7.1930. Bl.3
634 361 963 482 An A.S.
613 482 1126 671 fern genug?
636 639 3286 787 Du hattet mir im April gesagt: »Um den 20. Mai herum möcht ich mit
633 818 3517 939 Dir fortgehen« und was ist daraus geworden -?? Ein fortwährendes Mich¬
639 926 3360 1074 Beiseiteschieben, das selbst bei jedem Beisammensein zu spüren war,
643 1051 2615 1200 auch wenn es nicht mit Worten zum Ausdruck kam.
646 1206 3377 1334 Warum soll ich nicht empfinden, was alle andern und nicht innerlich
639 1305 3246 1470 beteiligten Menschen empfinden und mir mitleidig oder scheinbar
650 1474 3410 1609 naiv oder warnend oder kritische unter die Nase reiben. Nicht meine
638 1564 3398 1704 Leute, nicht mein Kreis. Sie sind nicht orientiert oder zu taktvoll.
648 1739 3329 1843 Aber die Andern sind es, die mit Dir in Berührung oder Kontakt sind
643 1837 3417 1966 und sich eine Meinung bilden. Wie glücklich wäre ich, wenn ich inner¬
626 1955 3293 2098 Iich über sie lachen könnte, wie belanglos wäre das Geschwätz, wenn
644 2081 3404 2280 es nicht ein Symptom wäre. Und wenn ich auch nie verrate, dass es mir
645 2238 3401 2387 weh tut, mich immer ablehnend und abwehrend allen Aeusserungen gegen¬
650 2380 3303 2476 über verhalte, so schmerzen sie ja doch, weil ich leider weiss, dass
657 2497 2654 2608 sie irgendwie durch Dein Verhalten begründet sind.
641 2624 3376 2742 Und so ist es mir auch sowohl von Frieda wie von Dora M. nahe gelegt worden fortzufahren. Ich habe es
646 2780 3377 2898 getan, obwohl ich wusste, dass es das Schlechteste war, was für unsere
670 2891 3401 3023 Beziehung geschehen kohnte. Du schreibst: ¬Diese Wochen der Entfer¬
653 3008 3334 3151 nung, die auch gewiss für Dich beruhigend gewesen sind« – Nein, mein
651 3159 3397 3266 Kind, das waren sie nicht. Du hast ja selbst ein so schönes Wort über
646 3308 3334 3429 die Einsamkeit geprägt. Frage Dich, ob irgend ein Grund war mich in
644 3418 3414 3547 dieser grenzenlosen Einsamkeit und Verlassenheit wohl zu fühlen. Ich
680 3548 3375 3654 bin in den zehn Jahren meiner unglücklichen Ehe nie so unglücklich
646 3693 3337 3789 gewesen, wie ich es in diesen drei Wochen in Karlsbad und zeitweise
647 3796 1570 3943 auch schon früher war.
635 3940 3380 4048 Du wirst, wie gewöhnlich, sagen: Was ist denn geschehen? Ich habe Dich
643 4047 3381 4186 nicht betrogen. Ich liebe keine Andere u. s. w. Und ich muss Dir ant¬
