3759 4723
1947 373 3135 495 Triest, 13.4.1928.gegen Abend.
635 556 3503 705 Liebste, gerade gegenüber meinem Motelfenster, weiss im Abendglanz liegt
691 662 3499 822 die "Stella", mit der ich morgen abreisen werde; ich habe sie Nachmit-
648 821 3491 961 tag besichtigt, zufällig mit Lili Berger (Roth), die ich in Gesellschaft
649 950 3339 1093 ihres (etwa 10jährigen) Sohnes (schon heut ein fescher Kerl) - auf
645 1087 3455 1244 dem Quai traf. (Sie kam aus Raguza). Aber die "Stella" (so hübsch und
615 1201 3511 1378 einladend sie ist, süttigte mich nicht - da die berühmte Saturnia eben
622 1348 3409 1479 vor Anker liegt, verschaffte ich mir auch dort Einlass und verbrachte
644 1449 3524 1658 dort unter Führung eines Consulich-Beamten anderthalb Stunden. Wahrhaft
679 1612 3250 1745 imponierend - mit etlichem heeren und geschmacklosen Prunk ( Ein
645 1732 3242 1904 weisses Clavier, das angeblich 2.600 Dollar kostet - auch um 2000
639 1860 2175 2022 wärs geschmacklos und theuer genug.) -
637 1994 3399 2173 Aber ich will doch der Reihe nach erzählen. Ich war nicht allzu früh
668 2131 3347 2279 an der Bahn - als ich dem Gepäcksträger gezahlt hatte, machte mich
631 2277 3313 2434 ein Herr aufmerksam, dass meine Brieftasche auf dem Boden lag. Kein
616 2377 3377 2549 Ubler Anfang - ich nehme es als gute Vorbedeutung, dass ein ehrlicher
604 2498 3223 2688 Mensch nach mir an den Schalter kam. Sonst war übrigens weit und
606 2651 3377 2819 breit kein Mensch zu sehen. Auf dem Perron das Gerücht vom Mailänder
608 2738 3412 2942 Attentat; Gespräch mit dem sehr netten und faszistischen Schlafwagen-
606 2903 3221 3050 kontrollor, -Dreyser zu lesen begonnen. Von 11-4 geschlafen, dann
598 3064 3284 3216 noch 2 Stunden mit Unterbrechungen. Um 10 Triest. Zugleich mit mir
605 3189 3284 3322 stiegen aus Herr und Frau Kr. -- (von Lichtenstein her bekannt) und
631 3314 3485 3474 ein sichmir unverzüglich vorstellender Herr Rademauer (lauter Stella-
596 3421 3370 3570 Passagiere). - Insäxal Excelsior, mässig sympathisches Luxembourg, Spa-
595 3540 3370 3733 ziergang von 2 Stunden durch die Hügelvorstädte und durch sie innere
588 3633 3189 3843 Stadt.- Im Excelsior gut gegessen. Dann gleich, wie schon erwähnt,
588 3809 3345 3980 Stella, - dann ins Hotel - vergeblicher Versuch ein wenig zu schlafen;
576 3929 3306 4128 hierauf (siehe oben) Saturnia.- Auf dem grossen Platz nahe dem Hafen
580 4087 3297 4252 ein Soda-Himbeer; - und nun mit leichten Kopfachmerzen zuhause. Ein
586 4214 3226 4389 schöner, wo etwas kühler Frühlingsabend und die Stella drüben wird
614 4322 3318 4538 immer weisser, je dunkler die Nacht übers Meer heraufzieht. Ich bin
3566 108 3685 329 96
