3771 4723
659 293 1333 437 Tgb. 19.11.1930.
631 476 3287 589 mit Gotteshilfe auch hier glücklich sein. Das ist die Hauptsache.
657 590 3220 713 4. Brief von A. Er freut sich auf das Wiedersehen. Ich auch. Die
628 734 1747 894 Kinder ziehen am 1.12.ein.
628 901 3340 1027 21.11. A. zurück, früher als ich dachte. Er kam zu mir herüber. Ich
2855 958 3016 1044 tas
677 1038 3469 1134 ging ihm mit frohem Herzen entgegen. Er kühl, freundlich, erstaunt über
664 1106 1240 1195 meine Tärme
661 1173 3295 1284 Sein Aussehen mässig. Am Abend wünscht er bei mir zu nachtmahlen.
700 1266 3271 1374 22.11. Der gestrige Abend traurig. A. müd und verschlafen. Ganz
640 1366 3426 1508 anders als ich nach seinen Briefen erwartete. Ich bin überzeugt, dass
657 1554 3414 1665 er mit Dora M. über mich gesprochen hat. Ich verfluche diese Person.
661 1639 3521 1782 Ich arbeite an meiner Novelle. Fühle mich physisch und psychisch wenig
673 1779 2470 1916 wohl. Warum kommt er so aus Berlin zurück???
671 1908 3069 2083 23.11. Im Kino mit A., dann bei ihm. Zum Sterben langweilig.
670 2051 2189 2197 24.11. Frieda diktiert. Abend allein.
658 2151 3391 2344 25.11. Mit A. Im Kino "Land des Lachelns" mit Tauber, guter Tonfilm.
671 2301 3312 2450 Dann "Linde" genachtmahlt. Stimmung ein Aton besser. Schüchterne
662 2444 1905 2599 Zärtlichkeit von seiner Seite.
672 2575 3352 2757 26.11. A. unfreundlich am Telefon. Offenbart bedauert er schon die
701 2697 1944 2854 gestrige Regung. Abend allein.
665 2808 3313 2993 27.11. Enny Sachs zum Thee. Ganz amüsante Frau. Später A. Nachdem
701 2982 3514 3114 sie fort ist sagt A., dasskwir ins Kino gehen, aber nachher nach Hause,
662 3098 3295 3200 nachdem wir gestern auch nicht zusammen waren. Ich sagte lachend:
685 3205 3343 3328 "Wenn du wirklich allein zuhause bist, bin ich sehr einverstanden",
671 3332 3478 3509 dern ich bin sehr froh noch arbeiten zu können, aber wehe, wenn ich dir
679 3481 3358 3642 auf einen Schwindel komm." - Anstatt es spaksshaft zu nehmen, wie es
642 3640 3424 3754 gesagt war, war er sofort gereizt,sagte,er vertrage keine Kontrolle,
671 3778 3340 3898 etc. xxx xxx bis ich selbst verstimmt wurde, dann
677 3886 3269 4011 erst lenkte er ein. Kino: "Geld auf der Strasse", sehr öder Film.
670 4020 3498 4170 28.11. Den ganzen Tag gearbeitet. Abend Kino mit A. "Tikos-Baronnesse".
670 4129 3473 4284 Womöglich noch öder. A. fast immer geschlafen. Dann wieder nachhause.
3543 117 3665 253 124
