3673 4674
2557 233 3195 379 Zürich, 10.8.26.
2521 376 3049 510 Baur au Lac.
466 441 1249 634 An A.S. Adelboden.
592 670 3293 831 Mein Liebes, guten Morgen - ich kann nicht sagen, dass ich Dir jetzt
599 837 3190 988 näher bin, denn ich war Dir diese ganze Zeit sehr sehr nahe. Aber
599 977 3204 1097 es ist ein gutes Gefühl räumlich nicht mehr so getrennt zu sein.
584 1121 3228 1276 heute ertönte das Telefon und ich habe Deine liebe Stimme gehört.
607 1221 3438 1349 Schade, dass Du mich so schlecht verstanden hast, aber das Wesentlichste
598 1385 3344 1513 weisst Du nun doch und alles Uebrige erzähle ich bald mündlich. Ich
597 1505 3448 1641 bin so froh, dass wir uns bald sehen und ich hoffe, es wird eine schöne
593 1628 1438 1784 und glückliche Zeit.
904 1762 3255 1889 Die Fahrt hieher war sehr unangenehm. Der Zug durch einen
570 1892 3379 2015 Transport amerikanischer Juden, die aus Warschau stammten (der ganze
604 2025 3241 2152 Waggon kam aus Warschau) übervoll und die ganze Nacht zu Sechst im
601 2142 3326 2279 Coupé. Dafür hier ein entzückendes Zimmer mit eigenem Waschraum, Te-
609 2279 3390 2430 lefon, alle Signale, Türschliesser und Turöffner beim Bett für 12 frcs.
700 2424 3330 2533 glich. Natürlich eine Protektionssache. Die P.'s lieb,amüsant, ein
628 2539 3392 2674 bischen dumm und sehr erholend. Und ich hatte Erholung nach den letz-
574 2673 3310 2803 ten Tagen sehr nötig. Und so hoffe ich in leidlich äusserer Verfas-
614 2786 3321 2907 sung zu Dir zu stossen. Gestern nach meiner Ankunft nur das Notwen-
647 2919 3202 3070 digste ausgepackt, getratscht, gelacht, Toilette gemacht, durch die
665 3062 750 3129 et de
604 3046 3279 3215 Stadt gebummelt. Bei Hughenin geluncht. Ausgezeichnet. Dann geruht,
611 3202 3244 3333 um 4 Uhr herrliche Autofahrt über den Alois nach Luzern, nur etwas
587 3329 3361 3456 kühl. Heim Luzerner Hughenin die Jause genommen. Luzern ist tausend-
607 3449 3377 3583 mal schöner als Zürich und machte mir wieder, wie vor zwei Jahren ei-
611 3594 3244 3683 nen grossen Eindruck. Wundervolle Heimfahrt über den Zugersee und
599 3678 3253 3826 Talville. Um 29 zuhause. Wir hatten uns schon Nachmittag Schinken
601 3827 3234 3988 und Obst besorgt und nachtmahlten im Zimmer, um zu sparen, weil wir
608 3982 3329 4104 doch schon bei zwei Hughenins an dem Tag waren und hier im Haus ist
642 4075 3367 4225 das Essen noch teuerer. Wir wollen immer eine verschwenderische und
584 4248 3298 4365 eine einfache Mahlzeit nehmen. Wie ich Dir sagte, wollen die P.'s
592 4379 3292 4517 noch nicht von hier fort und mir ist es sehr recht, umsomehr, da ich
3416 72 3569 271 Vogel
