3742 4667
2138 318 3039 488 Kopenhagen 16.5.1923.
700 479 3477 678 Liebe, verehrte gnädige Frau, tausend Dank für die schöne illustrierte
699 628 3400 821 Karte, die eben ankam und die lieben Wünsche. Heute Abend fahre ich
660 791 3464 963 nach Stockholm; es kam eine dringende Einladung zu einer Vorlesung,
665 918 3500 1064 eine zu einer Aufführung der »Liebelei« am königlichen Theater, erstere
694 1018 3380 1226 am 18., letztere am 22. Am 23. will ich nach Berlin, am 27. nach Wien
691 1145 3416 1321 fahren. In St. bin ich zu einem mir unbekannten Direktor Singer ge¬
658 1290 3378 1432 laden. Eventuell kommt dort eine Vorlesung in Upsala dazu. Hier war
635 1416 3445 1589 der Erfolg sehr gross. Auch gestern Abend im Königlichen Theater »Die
653 1555 3396 1723 grosse Szene«. (Blumen, als wär ich ein Tenor oder wenigstens ein Ba¬
647 1693 3406 1850 riton). Das Wetter leider konstant unfreundlich. Wollen Sie mir eine
624 1795 3433 1998 Nachricht nach Berlin senden (Dr. Michaelis, Hohenzollernstr. 96, Berlin-¬
627 1930 3385 2100 Dahlem), geschlossen, so dass ich sie bei meiner Ankunft dort vorfinde,
636 2062 3432 2264 so würden Sie mich sehr sehr erfreuen und im übrigen ist es auch hier
627 2181 3298 2377 eine ziemlich gehetzte Existanz, aber in einer milderen Atmosphäre.
661 2331 3301 2481 Alles chronologische spar ich mir auf mündliche Unterhaltung auf.
626 2454 3382 2622 Seien Sie vielmals und aufs Herzlichste gegrüsst! Sie hören noch et¬
612 2562 1735 2739 liche Mal von mir. Ihr A.S.
1492 2739 1776 2869 - - - - - -
1687 2826 2509 3026 Stockholm,19.5.1923.
593 2973 3290 3154 Meine liebe verehrte gnädige Frau, gestern bin ich hier angekommen,
601 3117 3165 3236 habe eine Verfilmung und ein halb Dutzend Interviews hinter mir
596 3238 3408 3385 (Reclam-Journalismus haben hier amerikanische Dimensionen); wohne an¬
580 3343 3362 3536 genehm bei einem aus Berlin gebürtigen Stockholmer, bin von der Stadt
625 3487 3350 3679 wieder entzückt – aberes ist fast winterlich kalt. Die Bäume fangen
627 3639 3427 3835 eben erst zu grünen an. Heute Vorlesung: am 22. Liebelei, am Donnerstag
615 3746 3479 3953 hoff ich in Berlin u. wenige Tage drauf in Wien zu sein. Seien Sie von
563 3876 1631 4040 Herzen gegrüsst! Ihr A.S.
