3747 4610
615 262 823 377 1928
660 322 3367 540 21.11. Gestern Abend A. bei mir gemachtmahlt. Ich habe beim Kochen
622 462 3493 628 helfen müssen, weil Sophie wenig kann, aber es war alles sehr gut. Heute
614 600 3366 789 A. um 10 Uhr schon bei mir guten Morgen sagen und abends mit ihm im
627 731 2476 933 Theater "Lebender Leichnam", Waldau fabelhaft.
632 843 3412 1058 Ich betrachte meine Wohnung mit Rührung. Sie ist unerhört schön. Ich
632 960 3495 1148 habe eben nur die besten Sachen mitgenommen und genau gewusst für wel-
651 1099 3441 1293 chen Platz. Und dazu diese wundervollen Bäume und all die Bequemlich-
646 1212 3413 1396 keit, auf die ich seit Jaunen verzichtet habe. A. zweimal täglich bei
653 1367 3389 1542 mir, wenn auch nur auf halbe Stunden. Lieb und zärtlich. Gott,wenn es
664 1535 1425 1689 so bleiben könnte.
700 1621 2500 1828 Henry zweimal in der Woche bei mir zu Tisch.
667 1805 3446 1926 23.III. Zu arbeiten begonnen. "Charlotte Corday": Heute Abend mit A.
660 1905 2831 2098 "Kino, nachher "Linde" genachmahlt. A. sehr, sehr lieb.
671 2033 3483 2219 24.11. 6 Nachmittag. A. eben bei mir gewesen. Heute stiller einsamer
672 2181 3438 2392 Abend zuhause für uns Beide. Arbeiten! Mittag Harry bei mir gewesen,
686 2338 1202 2478 dann Frieda.
719 2415 3423 2559 25.11. Ich komme nicht so viel zum arbeiten als ich möchte. Tausend
701 2556 3386 2705 entzückte Besucher! Sophie untüchtig,ich muss mich zu viel um die
706 2678 3505 2847 Wirtschaft kümmern. A. sehr lieb, fast jeden Tag mit ihm zusammen. Bei
714 2782 3551 2950 "Artisten" gewesen. Grosser Schund, mit Inszenierungskünsten von Rein-
679 2975 2549 3104 hardt. Hugo Hofmannsthal flüchtig gesprochen.
705 3093 3511 3245 3.12. Netter Abend bei A. mit Jakob W. und Gattin. Zu Viert angereg-
709 3249 2060 3378 tes Gespräch. Schnee und Quatsch.
713 3361 3328 3508 9.12. Die Kletterrossen um meine Terrasse haben noch immer grüne
714 3475 3558 3623 Blätter. Temperatur nie unter Null. Gestern schöner Spaziergang mit A.
748 3568 3539 3745 Nahezu täglich Besuche. Zu viele Menschen um mich. Trotzdem Vorspiel
722 3703 3406 3895 zur "Corday" skizzenhaft fertig. A. findet es gut. Machte nur un-
737 3878 1815 4012 wesentliche Ausstellungen.
707 3993 2977 4152 15.12. Die Tage laufen mir davon. Ich arbeite zu wenig.
3482 59 3637 234 170
