3743 4714
1969 277 3148 465 Sonntag, 29. Juli 1928. Wien.
731 426 3356 600 Mein Liebstes, eben kam Dein Brief, den ich mit zitterndem Herzen
751 577 3318 713 erwartet habe. So ist es also wahr, was ich vom ersten Augenblick
737 708 1742 830 geahnt, gefürchtet hatte.
739 838 3480 965 Vielleicht war es das nahezu Tragiache, Unheimliche, das ich immer um
733 994 3505 1088 Lili fühlte, das mich diese ihre Wesensmöglichkeit ahnen liess-
751 1100 3462 1215 Ich hatte sie lieb und vielleicht nicht nur, weil, sie Dein Kind war.
781 1223 3393 1342 Es war ja eine so durchaus unglückliche Zuneigung, aber ich hatte
757 1365 3413 1494 in den seltenen Fällen, da ich mit ihr zusammen war, die Empfindung,
752 1485 3398 1601 ich möchte ihr eine Freundin sein, ihr helfen ihr klar machen, dass
752 1611 3487 1765 das Leben auch ertragen, nicht nur gespielt werden muss. Sicher hatte
753 1761 3436 1879 ich das nicht so deutl ch gedacht, wie ich es Dir schreibe, aber et-
746 1872 3360 1988 was ähnliches ging in mir vor. Und doch vermag ich es heute nicht
765 1991 3506 2165 zu fassen, dass sie Dir. Dir das antun konnte. Ist denn nicht einer ih-
805 2149 3406 2285 rer Gedanken zu Dir gegangen? Man hat nicht das Recht sein Leben
743 2268 3433 2419 wegzuwerfen, wenn man so geliebt wurde wie sie. Man darf einem Men-
803 2401 2962 2523 schen, der einen liebt, nicht ein solches Leid zufügen.
753 2534 3446 2633 Und darum, Liebstes, muest Du leben, musst gesund sein. Du weisst, was
748 2670 3482 2790 Du mir bist und dass ich alles alles tun will, um Dir das Leben noch
749 2801 2712 2931 lebenswert und manchmal auch schön zu gestalten.
762 2941 3507 3057 Ich bin selbst mit meinen Nerven so fertig, dass ich heute nicht wei-
760 3062 2385 3196 ter kann. Ich küsse Deine geliebten Augen.
1844 3192 2362 3359 Deine Cl.K.
3535 90 3686 255 136
