3742 4662
2266 327 3017 475 15.1.25 Bl.2
596 457 3377 600 gab mich noch in ein Restaurant (Schinken, Butter, da man hier in Bern
583 614 3364 701 um 7 oder 18 isst und von 10 Uhr an wie es scheint keine warme Küche
540 756 3437 892 mehr zu haben ist; - und um 12 im Hotel, wo ich eben in der Hall... die
548 847 3469 1024 siehe oben. Das Hotel ist übrigens meiner, unserer Träume. Ein herrlicher
519 992 3481 1121 Blick - unter weniger nebligen Umständen sollen bis zu den eisigen Höhen
517 1101 3432 1308 reichen; - und der grosse Stil der Führung, ohne Pomp und Protzer ei. Ich
541 1257 3467 1424 habe mir ein Appartement mit Bad vergönnt; und glaube nicht, dass ich je-
580 1398 3258 1531 mals in einem Hotel ein schöneres und angenehmeres Zimmer und eine
581 1525 3381 1654 bessere Bedienung erlebt habe. Telefon natürlich auch im Zimmer - und
582 1662 3379 1830 man wird sofort wirklich verbunden. Ich muss dann den Präsidenten der
578 1788 3345 1939 hiesigen freien Studentenschaft, den Arrangeur der Vorlesung sprechen
540 1910 3384 2066 und besuche Dr. Holzapfel (den Verfasser des Panideals) - der eben an xxx
508 2051 3308 2234 von einer Grippe auferstanden ist. Seinen Jünger Zbinden sprach ich
530 2173 3460 2299 gestern in Basel, dort auch unter andern einen jungen, mir durch Michaelis
576 2296 3351 2463 empfohlenen Christoph Hernoulli, der irgendwie in die augenblickliche
505 2409 3375 2539 Existenz meines Sohnes hineinspielt ein interessanter Mensch; wir wan-
559 2577 3470 2688 delten gestern vor meiner Abreise am Rhein spazieren, sprachen über Pay-
566 2677 3485 2849 choanalyse, Mystik,Mystiker, Architekten, Kritik und einige andere Themen.-
952 2808 3360 2960 Der Abend in Basel verlief sehr gut - der Saal war übervoll,
503 2948 3328 3082 "wir hätten einen doppelt so grossen auch gefüllt" (sagte der Präsident
1385 3051 1466 3121 der
504 3078 3248 3257 der "Gurdlibet" (dies verein, in dessen Rahmen ich in Basel las).
518 3189 3477 3355 Ich war "gut bei Stimme", verhaspelte mich aber ein paar Mal in der "Gros-
521 3363 3333 3527 sen Szene", was man kaum bemerkte. Nachher gemütliche Zusammenkunft in
559 3479 3399 3615 einem Restaurant, zirka 20 Personen, ich sprach 3 oder 4; einen Arzt, ei-
554 3593 2392 3771 nen Rechtsanwalt mit Frau; es war erträglich.
891 3744 3277 3904 Heute werde ich wahrscheinlich ein anderes Programm lesen,
501 3881 3263 3987 eventuell den "Kakadu", (und die "Masken") : - vielleicht den "Wurstl".
503 3958 3318 4175 Morgen folg eine 5 stündige Reise nach St.Gallen, ein Abendvortrag in
492 4124 3439 4287 der Museumsgesellschaft. Aus Luzern bin ich wie zu erwarten war antele-
470 4260 3470 4416 foniert worden - von einem Forstinspektor, der dort der Vorstand des lite-
3446 121 3567 287 112
