3787 4703
2263 327 3047 473 21.8.29. Bl. 2.
671 531 3288 665 Ich bin gestern Abend, als ich heimkam, lange im dunklen Zimmer am
668 655 3514 807 Fenster gestanden. Der Himmel war schwer von Sternen und ich war sehr,
682 776 3475 921 sehr traurig.- über Dich und Dein Leid, über mich und meine Sehnsucht.-
670 916 3470 1031 Aber ich will nicht jammern, denn mein Brief soll Dich aufheitern. Ich
668 1045 3472 1179 glaube, ich sehe schon besser aus und das ist sehr notwendig für Dich!
704 1143 1556 1299 Ich küsse Dich sehr.
1540 1301 1789 1435 Deine
1855 1475 2011 1525 C.K.
