3686 4667
2971 331 3372 474 29.11.27.
594 472 3358 627 Dir denken kannst, egal. Sie war letzthin bei einem sehr netten Abend
595 627 3361 780 bei Aslan, wo auch Felix S. war und scheint sich gut unterhalten
588 746 1005 903 zu haben.
1143 883 3356 1033 Ich habe mir gestern viele Notizen für die "Corday" ge-
596 991 3318 1188 macht,in der Nacht noch bis 12 Uhr Frank Harris weitergelesen, habe
583 1160 3397 1318 mich wieder im Schlaf viel über Dich geärgert Du bist in ein Kino ge-
591 1300 3432 1402 gangen und hast mich draussen stehen lassen. In der Früh trotzdem vor-
581 1405 1181 1534 gnügt erwacht.
1179 1534 3315 1697 In der Neuen Freien Presse Notiz über Elisabeths An-
573 1676 3382 1847 wesenheit in Wien und über "Fräulein Elise" etc. Verbot Mussolinis al-
577 1814 3397 1970 ler exotischer Tänze für Offiziere in öffentlichen Lokalen. Arme Lili!
583 1907 1576 2063 - Das Wetter grauenhaft.
1205 2049 3146 2233 Indessen innige Umarmung. In grosser Eile Deine
2525 2227 2738 2382 C.K.
3480 105 3601 237 71
