3787 4698
1810 237 3030 392 An Bord der Martha Washington
1831 342 2378 431 nach Brindisi,
1858 394 2952 561 17. April Nachmittag. 1916.
1857 521 2331 662 nach Wien)
767 641 3345 784 Liebste, die Fahrt nach Tri est war irrelevant. -Gegen 10 nach ei-
782 808 3252 930 ner mässigen Nacht mit heftigen Kopfschmerzen langten wir an.
766 904 3229 1065 Es verzögerte sich bis nach 11, dass man aufs Schiff gelassen
776 1042 3383 1170 wurde (die 14.000 Tonnen reducierten sich auf 9.000) - Die Kajü-
772 1183 3373 1321 ten (dabei haben wir sowohl Lili als ich zweibettige (allerdings
768 1295 3336 1446 mit Oberbett) nicht sehr bequem, - und auch das kleinste Tischchen
774 1424 3326 1565 kann ich nicht erreichen, so dass ich diesen Briefblock auf den
769 1582 3292 1709 Knieen halte (denn weder im Rauch-noch im Damenzimmer habe ich
774 1691 3251 1848 Lust Dir zu schreiben. - Soeben erfind ich etwas: ich lege das
770 1834 3282 1944 Deckbrett meiner Hemdenladen über die halbaufgezogene Lade der
761 1950 3352 2085 Kommode! und lege auf dieses Brett mein Briefpapier. (Kannst Du
767 2103 3359 2214 Dir das vorstellen?) Wie lang sich die Sache halten wird,
765 2205 3406 2338 weiss ich nicht, denn wir schaukeln (bei herrlichem kühlen Sommer:
766 2363 3360 2465 wetter) beträchtlich. Von Bekannten auf dem Schiff der Fabrikaht
768 2480 3373 2620 Zsolnay, Pauls Bruder mit Frau, die nach Palermo fahren. - Wir,Lili
764 2641 3418 2758 und ich) sitzen an einem Tisch mit dem Capitän, dem Emigrationsin-
806 2747 3398 2881 spector und einem amerikanischen Ehepaar (Militär glaub ich -er
765 2898 3301 3017 war wenn ich ihn recht verstand, während des Kriegs bei Madeira
770 3019 3407 3116 stationiert). Bis gestern glaubte ich ziemlich incognito zu blei-
766 3147 3328 3262 ben, -da erschien gestern Abend der Steward: eben war ein Tele-
759 3260 3360 3407 gramm von Consulich gekommen (Radio aufs Schiff), man möchte mein
769 3395 3324 3533 Bild aufnehmen - was ich erlaubte gegen die Zusicherung, dass es
760 3548 3404 3673 nicht zu Reklamzwecken benützt, sondern nur als private Gefällig-
764 3657 3408 3776 keit gegenüber den Consulich's betrachtet wird. Und so wurde ich
755 3810 3403 3915 jetzt einmal allein, ein mal mit Lili auf hoher Kommandobrücke pho-
768 3925 3281 4056 topgraphiert, bei welcher Gelegenheit wir die Bekanntschaft der
767 4064 3369 4209 netten Schiffsoffiziere machten - und eine ihrer Kajüten besich-
757 4188 3388 4345 tigten, - woraus Du merkst, dass das ganze eigentlich ein Film ist.-
764 4322 3372 4435 Von der Reise selbst ist natürlich noch wenig zu erzählen, da xxx
800 4438 2864 4578 wir noch nirgends gelandet sind. In Patras dürfte es
