2793 3358
1593 301 2203 481 19. Juli 1897.
907 576 1568 707 Lieber Arthur!
614 819 2432 963 Ich will Dir vor allem noch für Deinen lieben
273 967 2401 1081 Besuch danken, der mir viel zu kurz war, denn in den
286 1118 2490 1222 wenigen Stunden, wo man doch nicht eine viertel Stunde
270 1250 2506 1368 ganz ruhig und ungestört ist, kommt man doch eigentlich
267 1383 2446 1477 nicht dazu so zu sein und zu reden wie man eigentlich
265 1504 2390 1600 möcht und man verschluckt die Hälfte von dem was man
261 1607 2452 1760 sich Tage vorher fest sorgenommen, dass es gesagt wer-
262 1740 671 1858 den muss.
339 1880 2111 2000 Dann will ich Dir sagen dass wir fast sicher
265 2004 2456 2184 Dienstag bei gutem Wetter mit einem Frühzug nach Ischl
262 2144 2263 2285 kommen. Es ist am besten du frägst morgen früh gar
251 2282 2411 2386 harmlos Frau Z. die wir sicher verständigen werden ob
267 2409 2350 2532 sie Nachricht von uns hat und bittest sie, sich von
261 2517 2374 2708 derselben zu verständigen, im Fall sie eine bekommt.
254 2655 2453 2804 Wir sind jedenfalls zur Musikzeit am Vormittag auf der
239 2792 2333 2913 Esplanade und speisen um ein Uhr bei Frau Z. auf der
231 2933 2408 3066 Rudolfshöhe. Von dem Brief darfst Du natürlich nichts
2546 108 2660 296 4/18
