3759 4655
2155 334 2873 479 Berlin, 21.3.1925.
2160 455 3160 635 (nach Wien,Hotel Regina)
575 588 3177 744 Liebste, auf die Gefahr hin Dein Missfallen zu erregen setze ich
591 719 3421 880 doch wieder vor allem die Chronik her - so weiss ich, dass ich von den
590 858 3333 985 Hauptsachen keine vergesse. Die Ergänzungen folgen in Wien. Voraus-
581 993 3457 1132 schicken will ich nur, dass die Witterung unleidlich ist, - kalt, grau und
583 1118 3283 1256 Regen. Die Verkühlung ist nicht ausgeblieben. Ueberdies trägt eine
587 1257 3320 1400 entzündete, nur mit einem Pflaster verdeckte Balggeschwulst auf der
633 1355 2237 1512 linken Wange zu meiner Verstimmung bei.
1832 1475 2186 1553 fuhr ich
1147 1469 3563 1694 Am 19. Donnerstag xxx in den Grunewald, - zu Kerr,angenehmee
589 1607 3306 1779 durch seine (nie ganz weichende) Befangenheit ein wenig behindertes
573 1773 3269 1902 Gespräch. Seine Frau, seine 2 Kinder zu 3 und zu 1½ Jahren (er ist
588 1866 3508 2089 57 Jahre alt). - Von ihn zu Michaelis mittagessen, Lina Lossen (die Schau-
577 2035 3435 2198 spielerin; um die ein Hauch von der Duse schwebt) und Mirjam Beer-Hof-
572 2167 1190 2311 mann anwesend.
1134 2315 3344 2452 Im Hotel kurze Ruhe; - Schauspielhaus Wallenstein Tod;
579 2422 3451 2561 sehr gute Inzenferung (wenigstens in der 1.Hälfte) aber durchaus alter
609 2570 3489 2712 Stil - Meininger und Burgtheater, viel Pathos "Geschrei" und Komparserie.
599 2690 3375 2858 Heini als schwedischer Hauptmann gut; - die Szene vom Regisseur aus
616 2812 1330 2960 total verfehlt...
1165 2923 3353 3113 Ich war mit Fräulein C.M. (?) im Theater.-Wir nacht-
604 3075 3448 3227 mahlten dann mit Michaelis, Wiegler und Frau, -später Fridell bei Stall-
559 3187 3291 3352 mann. Vor ½2 kommt man nun einmal nicht ins Bett. Gestern Vormittag
1517 3304 1633 3376 and
555 3331 3356 3500 mit Dora in der Halle, spazieren; - sehr eingehende Gespräche über
558 3452 3362 3638 Heini.- Im Hotel gegessen mit Dr. Maril und Heini. Dann drei gute Ar-
543 3618 3416 3750 beits-resp. Durchfeilstunden (Roman);-
550 3744 3290 3878 holt mich Bettina, wir treffen mit Heini vor dem Kino zusammen, sehen
559 3835 3421 4021 einen glänzenden Film mit der Acta Nielsen (Athleten). B. kriegt einen
522 4016 3280 4128 Anfall von Herzschmäche; - ich habe sie und uns alle mit einem vor-
544 4116 3283 4262 trefflichen Souper (beim Austern-Meyer). Heini viel fröhlicher,unbe-
553 4285 3306 4418 fangener als neulich; - hier ist er eben innerlich weniger engagiert
3503 92 3645 216 152
