<?xml version="1.0" encoding="UTF-8" standalone="yes"?>
<PcGts xmlns="http://schema.primaresearch.org/PAGE/gts/pagecontent/2013-07-15" xmlns:xsi="http://www.w3.org/2001/XMLSchema-instance" xsi:schemaLocation="http://schema.primaresearch.org/PAGE/gts/pagecontent/2013-07-15 http://schema.primaresearch.org/PAGE/gts/pagecontent/2013-07-15/pagecontent.xsd">
    <Metadata>
        <Creator>prov=READ-COOP:name=TrHtr:version=0.0.6:model_id=44522:date=25_11_2022_11:51</Creator>
        <Created>2022-11-17T16:35:09.358+01:00</Created>
        <LastChange>2022-11-25T11:51:32.369Z</LastChange>
        <TranskribusMetadata docId="1233893" pageId="50263121" pageNr="380" tsid="105032270" status="IN_PROGRESS" userId="40391" imgUrl="https://files.transkribus.eu/Get?id=ZJIGQUPDVTKLEGIUMGOERRXK&amp;fileType=view" xmlUrl="https://files.transkribus.eu/Get?id=DXWWXEKSLRHYRGSFUQLPSVDJ" imageId="41050225"/>
    </Metadata>
    <Page imageFilename="HIN-155550_0380.tif" imageWidth="3811" imageHeight="4634">
        <ReadingOrder>
            <OrderedGroup id="ro_1670241785118" caption="Regions reading order">
                <RegionRefIndexed index="0" regionRef="r1"/>
            </OrderedGroup>
        </ReadingOrder>
        <TextRegion id="r1" custom="readingOrder {index:0;}">
            <Coords points="564,339 564,4531 3522,4531 3522,339"/>
            <TextLine id="r1l1" custom="readingOrder {index:0;}">
                <Coords points="1684,455 1782,434 1822,446 1855,428 1877,442 1899,428 2015,491 2037,488 2038,331 1980,330 1944,312 1900,319 1802,267 1725,303 1685,295"/>
                <Baseline points="1701,402 1727,404 1753,405 1780,405 1806,405 1833,405 1859,405 1885,405 1912,405 1938,405 1965,405 1991,407 2018,408"/>
                <TextEquiv>
                    <Unicode>Tagebuch</Unicode>
                </TextEquiv>
            </TextLine>
            <TextLine id="r1l2" custom="readingOrder {index:1;}">
                <Coords points="695,516 760,536 816,508 874,524 910,514 975,548 1009,520 1052,535 1110,529 1112,453 1057,455 993,425 960,435 822,373 735,382 699,367"/>
                <Baseline points="714,504 739,503 764,503 789,501 814,501 840,503 865,503 890,504 915,504 940,506 966,507 991,507 1016,509 1041,509 1066,510 1092,509"/>
                <TextEquiv>
                    <Unicode>5.8.1926.</Unicode>
                </TextEquiv>
            </TextLine>
            <TextLine id="r1l3" custom="readingOrder {index:2;}">
                <Coords points="695,666 3446,751 3395,600 699,546"/>
                <Baseline points="716,627 851,633 987,639 1122,644 1258,648 1394,653 1529,657 1665,662 1801,665 1936,668 2072,672 2208,675 2343,679 2479,683 2615,687 2750,690 2886,695 3022,699 3157,704 3293,708 3429,714"/>
                <TextEquiv>
                    <Unicode>bessert, aber trüb. Zwei mehr liebe Briefe von A. Ich bin so</Unicode>
                </TextEquiv>
            </TextLine>
            <TextLine id="r1l4" custom="readingOrder {index:3;}">
                <Coords points="701,781 734,778 751,790 774,773 796,781 825,768 857,787 894,781 927,790 929,721 897,719 812,643 706,668"/>
                <Baseline points="719,756 746,756 773,756 801,756 828,758 856,759 883,761 911,765"/>
                <TextEquiv>
                    <Unicode>froh.</Unicode>
                </TextEquiv>
            </TextLine>
            <TextLine id="r1l5" custom="readingOrder {index:4;}">
                <Coords points="691,904 3524,1028 3541,941 2186,789 1953,873 1570,770 1374,859 693,816"/>
                <Baseline points="708,888 848,893 989,897 1130,902 1270,906 1411,911 1552,915 1692,919 1833,923 1974,927 2115,932 2255,936 2396,939 2537,944 2677,948 2818,953 2959,957 3099,962 3240,967 3381,972 3522,978"/>
                <TextEquiv>
                    <Unicode>7.8.1926. Mit dem Einpacken beschäftigt. Reisefieber. Abend mit Carry.</Unicode>
                </TextEquiv>
            </TextLine>
            <TextLine id="r1l6" custom="readingOrder {index:5;}">
                <Coords points="668,1035 2737,1121 2770,987 1603,995 1102,910 670,958"/>
                <Baseline points="687,1019 790,1022 893,1025 996,1027 1099,1031 1202,1034 1305,1037 1408,1040 1511,1043 1614,1047 1717,1050 1820,1053 1923,1057 2026,1061 2129,1064 2232,1067 2335,1070 2438,1073 2541,1076 2644,1079 2748,1080"/>
                <TextEquiv>
                    <Unicode>8.8.1926. Trenne mich schwer von Karl. Regenwetter.</Unicode>
                </TextEquiv>
            </TextLine>
            <TextLine id="r1l7" custom="readingOrder {index:6;}">
                <Coords points="671,1180 2995,1267 3510,1250 3513,1155 675,1042"/>
                <Baseline points="690,1148 830,1152 970,1157 1110,1161 1250,1166 1390,1171 1530,1175 1670,1179 1810,1184 1950,1188 2091,1193 2231,1197 2371,1200 2511,1205 2651,1209 2791,1214 2931,1218 3071,1223 3211,1226 3351,1230 3492,1235"/>
                <TextEquiv>
                    <Unicode>Zürich, 9.8.1926. Grauslöche Reise, zu Sechat im Coupé. Ein Herr Waniek</Unicode>
                </TextEquiv>
            </TextLine>
            <TextLine id="r1l8" custom="readingOrder {index:7;}">
                <Coords points="684,1324 3294,1370 2864,1221 2738,1297 2525,1210 2359,1278 687,1218"/>
                <Baseline points="705,1280 833,1283 962,1288 1090,1292 1219,1296 1347,1299 1476,1304 1604,1308 1733,1313 1861,1317 1990,1320 2119,1325 2247,1328 2376,1333 2504,1337 2633,1341 2761,1344 2890,1349 3018,1353 3147,1356 3276,1361"/>
                <TextEquiv>
                    <Unicode>im selben Waggon, kommt dreimal zu mir. Er ist mir unsympathisch.</Unicode>
                </TextEquiv>
            </TextLine>
            <TextLine id="r1l9" custom="readingOrder {index:8;}">
                <Coords points="662,1450 3487,1505 3489,1429 3140,1389 666,1319"/>
                <Baseline points="681,1409 820,1414 959,1419 1098,1424 1238,1430 1377,1433 1516,1439 1656,1442 1795,1446 1934,1451 2074,1455 2213,1458 2352,1463 2491,1467 2631,1471 2770,1475 2909,1480 3049,1485 3188,1489 3327,1494 3467,1499"/>
                <TextEquiv>
                    <Unicode>Hier von Bs begrüsst. Sie sind lieb, gut, harmlos. Mein Zimmer (Baur au</Unicode>
                </TextEquiv>
            </TextLine>
            <TextLine id="r1l10" custom="readingOrder {index:9;}">
                <Coords points="669,1562 3036,1682 3470,1667 3474,1558 672,1471"/>
                <Baseline points="687,1538 825,1542 963,1547 1102,1551 1240,1556 1379,1561 1517,1565 1655,1571 1794,1575 1932,1580 2071,1584 2209,1589 2347,1593 2486,1599 2624,1603 2763,1608 2901,1613 3039,1617 3178,1622 3316,1626 3455,1629"/>
                <TextEquiv>
                    <Unicode>Lac) entzückend. Nachmittag Autofahrt nach Luzern. Pauly hat hier ein</Unicode>
                </TextEquiv>
            </TextLine>
            <TextLine id="r1l11" custom="readingOrder {index:10;}">
                <Coords points="663,1685 3078,1796 3407,1767 3411,1636 3099,1710 666,1594"/>
                <Baseline points="684,1667 819,1673 954,1677 1089,1682 1225,1686 1360,1691 1495,1695 1631,1700 1766,1704 1901,1709 2037,1713 2172,1718 2307,1721 2442,1725 2578,1730 2713,1734 2848,1739 2984,1743 3119,1748 3254,1753 3390,1758"/>
                <TextEquiv>
                    <Unicode> Auto zu ihrer Verfügung. Ich verstehe sie und ihre Beziehung nicht.</Unicode>
                </TextEquiv>
            </TextLine>
            <TextLine id="r1l12" custom="readingOrder {index:11;}">
                <Coords points="655,1812 3442,1922 3445,1820 3191,1768 659,1685"/>
                <Baseline points="675,1799 812,1803 950,1808 1087,1812 1225,1816 1362,1820 1500,1826 1637,1830 1775,1834 1912,1839 2050,1844 2188,1848 2325,1853 2463,1857 2600,1862 2738,1866 2875,1871 3013,1875 3150,1880 3288,1884 3426,1889"/>
                <TextEquiv>
                    <Unicode>10.8. Anruf Arthur in aller Früh. Wir dürften uns früher treffen als</Unicode>
                </TextEquiv>
            </TextLine>
            <TextLine id="r1l13" custom="readingOrder {index:12;}">
                <Coords points="664,1952 3507,2091 3513,1931 667,1857"/>
                <Baseline points="684,1928 824,1932 964,1937 1105,1943 1245,1947 1386,1953 1526,1958 1666,1962 1807,1967 1947,1973 2088,1977 2228,1982 2368,1986 2509,1991 2649,1995 2790,2000 2930,2004 3070,2009 3211,2013 3351,2018 3492,2022"/>
                <TextEquiv>
                    <Unicode>verabredet war. Seine Stimme klang lieb. Nachmittag bei schönen Wetter</Unicode>
                </TextEquiv>
            </TextLine>
            <TextLine id="r1l14" custom="readingOrder {index:13;}">
                <Coords points="643,2066 760,2067 803,2091 858,2093 925,2136 1022,2078 1051,2083 1054,2010 950,1980 921,1976 850,2016 825,1993 774,2002 742,1983 646,2004"/>
                <Baseline points="663,2057 689,2057 716,2057 742,2058 769,2059 795,2060 822,2061 849,2063 875,2064 902,2066 928,2066 955,2067 981,2069 1008,2070 1035,2070"/>
                <TextEquiv>
                    <Unicode>Seefahrt.</Unicode>
                </TextEquiv>
            </TextLine>
            <TextLine id="r1l15" custom="readingOrder {index:14;}">
                <Coords points="640,2213 3401,2324 3405,2208 3220,2169 643,2126"/>
                <Baseline points="660,2186 796,2192 932,2196 1068,2201 1204,2207 1341,2211 1477,2216 1613,2220 1749,2225 1885,2229 2022,2234 2158,2238 2294,2243 2430,2248 2566,2252 2702,2256 2839,2261 2975,2265 3111,2270 3247,2274 3384,2279"/>
                <TextEquiv>
                    <Unicode>11.8. Regenwetter. Die P.'s sind ja lieb und herzig, aber ein bisser!</Unicode>
                </TextEquiv>
            </TextLine>
            <TextLine id="r1l16" custom="readingOrder {index:15;}">
                <Coords points="648,2331 3420,2446 3423,2355 3235,2290 650,2269"/>
                <Baseline points="665,2316 801,2321 938,2325 1075,2331 1212,2335 1349,2340 1486,2346 1622,2351 1759,2356 1896,2361 2033,2366 2170,2372 2307,2376 2444,2381 2580,2385 2717,2390 2854,2394 2991,2398 3128,2402 3265,2405 3402,2408"/>
                <TextEquiv>
                    <Unicode>zu unfein auf die Dauer. Bezonders die liebe gute H. Gegen mich sind</Unicode>
                </TextEquiv>
            </TextLine>
            <TextLine id="r1l17" custom="readingOrder {index:16;}">
                <Coords points="654,2479 694,2462 737,2493 815,2455 945,2499 1095,2479 1127,2509 1178,2485 1284,2488 1287,2404 1153,2360 1014,2385 946,2353 861,2380 778,2355 748,2373 658,2330"/>
                <Baseline points="672,2450 701,2450 731,2451 761,2451 790,2453 820,2453 850,2454 879,2454 909,2456 939,2456 969,2457 998,2457 1028,2459 1058,2460 1087,2462 1117,2462 1147,2463 1176,2465 1206,2466 1236,2468 1266,2469"/>
                <TextEquiv>
                    <Unicode>sie entzückend.</Unicode>
                </TextEquiv>
            </TextLine>
            <TextLine id="r1l18" custom="readingOrder {index:17;}">
                <Coords points="632,2608 3360,2716 3364,2599 3220,2554 636,2495"/>
                <Baseline points="651,2577 785,2582 920,2587 1054,2592 1189,2597 1323,2602 1458,2606 1592,2612 1727,2616 1861,2621 1996,2625 2131,2630 2265,2634 2400,2639 2534,2643 2669,2648 2803,2652 2938,2657 3072,2661 3207,2666 3342,2670"/>
                <TextEquiv>
                    <Unicode>12.8. Anruf A. Er ist bereits allein in Bern. Ich hätte schon heute</Unicode>
                </TextEquiv>
            </TextLine>
            <TextLine id="r1l19" custom="readingOrder {index:18;}">
                <Coords points="664,2708 3282,2832 3359,2718 666,2646"/>
                <Baseline points="684,2708 816,2712 949,2718 1082,2723 1215,2728 1347,2733 1480,2738 1613,2742 1746,2747 1878,2752 2011,2757 2144,2762 2277,2765 2409,2770 2542,2775 2675,2778 2808,2783 2940,2788 3073,2792 3206,2796 3339,2801"/>
                <TextEquiv>
                    <Unicode>zu ihm können, ich lasse es auf morgen. Ich fühle mich leider nicht</Unicode>
                </TextEquiv>
            </TextLine>
            <TextLine id="r1l20" custom="readingOrder {index:19;}">
                <Coords points="616,2863 3226,2997 3389,2937 3392,2838 619,2761"/>
                <Baseline points="636,2840 772,2844 909,2848 1046,2852 1183,2857 1320,2862 1456,2867 1593,2871 1730,2877 1867,2882 2004,2887 2140,2892 2277,2897 2414,2901 2551,2907 2688,2912 2824,2916 2961,2919 3098,2924 3235,2927 3372,2930"/>
                <TextEquiv>
                    <Unicode>ganz wohl, erkältet und das Herz. Ich hoffe, es geht rasch vorüber. Ich</Unicode>
                </TextEquiv>
            </TextLine>
            <TextLine id="r1l21" custom="readingOrder {index:20;}">
                <Coords points="611,2980 3419,3085 3422,2998 3273,2978 614,2900"/>
                <Baseline points="630,2966 768,2971 907,2976 1045,2981 1184,2987 1323,2992 1461,2997 1600,3002 1738,3007 1877,3012 2016,3017 2154,3021 2293,3027 2431,3032 2570,3037 2709,3042 2847,3047 2986,3051 3124,3056 3263,3062 3402,3066"/>
                <TextEquiv>
                    <Unicode>freue mich auf das Wiedersehen und fürcht mich doch auch ein bisserl.</Unicode>
                </TextEquiv>
            </TextLine>
            <TextLine id="r1l22" custom="readingOrder {index:21;}">
                <Coords points="607,3129 3397,3232 3401,3123 3213,3094 611,3020"/>
                <Baseline points="626,3096 763,3101 901,3107 1039,3113 1177,3118 1314,3123 1452,3128 1590,3134 1728,3138 1865,3143 2003,3147 2141,3152 2279,3156 2416,3161 2554,3165 2692,3171 2830,3176 2967,3181 3105,3186 3243,3191 3381,3197"/>
                <TextEquiv>
                    <Unicode>Bern, (Bernerhof) 14.8. Seit gestern hier. Das Wiedersehen so schön,</Unicode>
                </TextEquiv>
            </TextLine>
            <TextLine id="r1l23" custom="readingOrder {index:22;}">
                <Coords points="607,3265 3322,3337 3325,3254 2500,3176 611,3155"/>
                <Baseline points="627,3225 760,3230 894,3234 1028,3240 1162,3245 1296,3249 1430,3255 1564,3259 1698,3264 1832,3269 1966,3274 2099,3279 2233,3284 2367,3289 2501,3293 2635,3299 2769,3303 2903,3308 3037,3312 3171,3317 3305,3321"/>
                <TextEquiv>
                    <Unicode>wie es noch nie war. Der Himmel blau und wollenlos. Am Abend Bummel</Unicode>
                </TextEquiv>
            </TextLine>
            <TextLine id="r1l24" custom="readingOrder {index:23;}">
                <Coords points="598,3356 3033,3486 3308,3456 3311,3373 600,3290"/>
                <Baseline points="618,3354 751,3359 885,3363 1018,3369 1152,3373 1286,3378 1419,3383 1553,3389 1687,3393 1820,3398 1954,3404 2088,3408 2221,3414 2355,3419 2489,3424 2622,3428 2756,3434 2890,3438 3023,3443 3157,3447 3291,3450"/>
                <TextEquiv>
                    <Unicode>durch die Stadt. Wundervoller Sonnenuntergang. Ich fürchte mich so</Unicode>
                </TextEquiv>
            </TextLine>
            <TextLine id="r1l25" custom="readingOrder {index:24;}">
                <Coords points="596,3502 3434,3593 3437,3505 3219,3483 600,3393"/>
                <Baseline points="615,3488 755,3492 895,3496 1035,3501 1175,3506 1315,3510 1455,3516 1595,3521 1735,3527 1875,3533 2016,3538 2156,3543 2296,3549 2436,3555 2576,3560 2716,3565 2856,3570 2996,3574 3136,3579 3276,3584 3417,3587"/>
                <TextEquiv>
                    <Unicode>glücklich zu sein. Heute Ausflug an den Thunersee, es ist 10 Uhr Früh.</Unicode>
                </TextEquiv>
            </TextLine>
            <TextLine id="r1l26" custom="readingOrder {index:25;}">
                <Coords points="592,3786 3258,3897 3495,3807 1721,3646 596,3681"/>
                <Baseline points="612,3743 755,3748 898,3753 1041,3759 1184,3764 1327,3770 1470,3776 1613,3780 1756,3785 1899,3791 2043,3795 2186,3801 2329,3807 2472,3811 2615,3816 2758,3822 2901,3828 3044,3833 3187,3839 3330,3845 3474,3851"/>
                <TextEquiv>
                    <Unicode>Thunersee sehr lieblich, aber nicht zum Bleiben einladend. Enger Strand,-</Unicode>
                </TextEquiv>
            </TextLine>
            <TextLine id="r1l27" custom="readingOrder {index:26;}">
                <Coords points="590,3925 3389,3986 3269,3890 595,3794"/>
                <Baseline points="609,3872 747,3876 885,3882 1023,3887 1161,3891 1299,3897 1437,3903 1575,3908 1713,3913 1851,3919 1990,3924 2128,3930 2266,3935 2404,3941 2542,3945 2680,3950 2818,3955 2956,3959 3094,3964 3232,3968 3371,3972"/>
                <TextEquiv>
                    <Unicode>unsympathisches Bad. Flitterwochenstimmung. Abend im Kino. Französi-</Unicode>
                </TextEquiv>
            </TextLine>
            <TextLine id="r1l28" custom="readingOrder {index:27;}">
                <Coords points="578,4058 747,4035 822,4071 911,4027 1247,4110 1458,4031 1758,4105 1806,4092 1811,3969 1578,3945 1452,3998 1109,3900 739,3951 664,3904 583,3923"/>
                <Baseline points="597,3999 656,4002 716,4005 775,4008 835,4010 894,4013 954,4015 1013,4017 1073,4020 1132,4022 1192,4025 1252,4026 1311,4029 1371,4031 1430,4034 1490,4035 1549,4038 1609,4041 1668,4043 1728,4046 1788,4049"/>
                <TextEquiv>
                    <Unicode>scher Film "Heimliche Sünder".</Unicode>
                </TextEquiv>
            </TextLine>
            <TextLine id="r1l29" custom="readingOrder {index:28;}">
                <Coords points="580,4181 1500,4173 1883,4265 2375,4197 2779,4296 3168,4253 3171,4177 585,4054"/>
                <Baseline points="600,4133 727,4138 854,4143 982,4148 1109,4153 1237,4158 1364,4163 1492,4168 1619,4172 1747,4178 1874,4182 2001,4188 2129,4193 2256,4197 2384,4203 2511,4208 2639,4212 2766,4218 2894,4223 3021,4228 3149,4233"/>
                <TextEquiv>
                    <Unicode>15.8. Autofahrt nach Gurnigel. Wundervoll. Nachmittag gepackt.</Unicode>
                </TextEquiv>
            </TextLine>
            <TextLine id="r1l30" custom="readingOrder {index:29;}">
                <Coords points="569,4297 3483,4418 3487,4320 3267,4253 574,4181"/>
                <Baseline points="588,4265 732,4271 876,4275 1020,4281 1164,4286 1308,4292 1452,4298 1596,4304 1740,4309 1884,4314 2028,4320 2172,4326 2316,4332 2460,4338 2604,4343 2748,4349 2892,4355 3036,4359 3180,4365 3324,4371 3468,4376"/>
                <TextEquiv>
                    <Unicode>16.8. Ermüdender Ausflug nach Montana hinauf mit der Absicht zu bleiben.</Unicode>
                </TextEquiv>
            </TextLine>
            <TextLine id="r1l31" custom="readingOrder {index:30;}">
                <Coords points="545,4458 3371,4556 3499,4447 549,4342"/>
                <Baseline points="564,4397 709,4403 855,4407 1001,4414 1147,4419 1292,4425 1438,4430 1584,4436 1730,4442 1875,4446 2021,4452 2167,4457 2313,4463 2458,4467 2604,4472 2750,4478 2896,4482 3041,4487 3187,4491 3333,4496 3479,4500"/>
                <TextEquiv>
                    <Unicode>Leider unmögliche Hotels. In Brieg übernachtet. Altertümliches Städtchen</Unicode>
                </TextEquiv>
            </TextLine>
            <TextEquiv>
                <Unicode>





























</Unicode>
            </TextEquiv>
        </TextRegion>
    </Page>
</PcGts>
