3771 4723
664 244 2037 407 Fortsetzung vom 1. Februar 1931.
671 437 3208 573 Ich nahm ein Schlafmittel. Um 1/3 erwachte ich durch furchtbare
631 553 3525 691 Schmerzen und hatte einen starken Gallenanfall. Ich hatte solche Angst,
666 671 3407 818 dass meine Hausfrau das Stöhnen hören könnte, dass ich mir den klei-
630 833 3467 978 nen Polster in den Mund stopfte, denn ich hätte niemand öffnen können,
641 952 3346 1109 wenn jemand an meine Tür gekommen wäre. Gut, dass ich Papaverin bei
634 1077 3374 1185 der Hand hatte, so dauerte es nur etwa 20 Minuten. A. heute um 12 Uhr
632 1198 3362 1328 bei mir, sans starr und teilnahmslos an meinem Bett. Erst beim Fort-
602 1345 3382 1509 gehen fuhr er streichelnd über meinen Kopf und sagte: "Unglaublich,
639 1488 3313 1619 wie hübsch du aussiehst, - auch gestern bei ask.'s hast du fabelhaft
627 1599 3440 1756 ausgesehen. "Ich brach in Thränen aus, all das Leid in mir löste sich
627 1718 3360 1838 in einem Weinkrampf. Ich streichelte seine Hände und wir waren sehr
610 1853 2776 2009 herzlich zu einander, sowie ich es mir immer wünschte.
608 2004 3260 2129 Abend. Ich lag den ganzen Tag zu Bett, ging gegen Abend zu A., weil
608 2103 3299 2239 Donaths auch hin kamen. Ich war sehr heiter und necõte mich mit D.
608 2235 3284 2394 herum wegen A.'s Diät.Später zogen sich die beiden Herren zu einer
624 2374 3297 2516 ärztlichen Besprechung zurück. Am Heimweg mit Ferry und Anny D.,
629 2489 3352 2687 sagte Ferry: er finde A. physisch viel besser, auch A. habe ihm ge-
654 2669 3384 2787 sagt, dass er physisch nicht zu klagen habe. Nur seine Nerven seien
665 2758 1770 2920 zerrüttet, seine Payche etc.
610 2871 3329 3070 Erst als ich allein zuhause war fiel mir das auf und dass Dr. D. mit
616 3054 3396 3163 der Wiederholung dieser Aeusserung offenbar einen Zweck verfolgt hat.
608 3165 3449 3320 Auch hat er gemeint, dass er mich in den nächsten Tagen zu sehen hofft.
599 3294 3340 3462 Also offenbar eine Mission und offenbar hat sich A. in irgend einer
611 3415 2995 3570 Art über mich beklagt. Mein Gott, ich werde noch wahnsinnig.
581 3544 3239 3684 2.2. Ich frug heute Früh A. telefonisch, ob er sich vielleicht bei
586 3701 3356 3835 Ferry über mich beklagt hat, da mir diese Aeusserung aufgefallen sei.
601 3826 3391 3986 A. antwortete: "Beklagt - nicht so eigentlich. Ich habe nur über unsere
570 3957 3358 4066 Beziehung gesprochen, weil sie zu dem ganzen Bild dazu gehört. Es ist
583 4078 3335 4212 kein Grund daraus wieder eine langwierige Diskussion zu machen. "Ich
576 4216 2909 4387 antwortete: "Du hast ganz recht, es wär auch ganz sinnlos."
3523 123 3661 290 197
