3782 4702
641 293 1249 466 Tgb. 2.7.1930.
716 485 3419 623 Ein gutes Wort wäre mehr gewesen. Mit keinem Geschenk der Welt kann
736 650 3393 758 er mir zurückgeben, was er mir genommen hat. Er behauptet übrigens,
727 785 3373 908 mich am 1. August wiedersehen zu wollen.-Von Cari und Magdi liebes
699 865 1842 1026 Telegramm hier vorgefunden.
720 1085 3651 1208 3.7. Laufereien zum Arzt, zum Brunnen, zur Kurkommission. Habe eine Ehren-
714 1191 3451 1353 karte als Schriftstellerin erreicht, Kurtaxe entfällt, Bäder I. Klasse
724 1325 965 1493 frei.
696 1464 3501 1647 Jeden Tag ein strahlend blauer Himmel, wie ich ihn so liebe, aber mein
716 1604 1523 1738 Leben ist glanzlos.
716 1738 3354 1867 Ein Mensch renkt mir den ganzen Vormittag nach. Ich wundere mich,
712 1857 3253 1969 dass man mich noch sieht und zur Kenntnis nimmt. Um 7 Uhr Früh
710 2014 3558 2141 schon beim Brunnen gewesen. Frühstück und Mittag-Pupp, Noch keine Zeile
712 2115 1004 2257 von A.
716 2287 3395 2442 4.7. Gestern Nachmittag elend gefühlt. Nach dem 2.Glas Mühlbrunnen
705 2472 3383 2593 heftigen Aufregungszustand, Herzbeschwerden, Angstgefühl, Weinkrampf.
708 2582 3437 2682 Nehme 2 Sedobrol im Verlaufe von 5 Stunden und dann 1 Phanodorm und
714 2740 3385 2875 schlafe doch erst gegen Morgen ein. Heute ist mir ein älterer Herr
703 2846 3476 3013 nachgegangen. Brief von Fredi, ob er dem Maler Klier schreiben soll,
708 2973 3419 3119 dass ich hier bin. Trotz Unbehagen in die Ausstellung Fredis Bilder
697 3104 3462 3277 ansehen. Fredis Bilder fein in der Stimmung, aber es sind wirksamere
688 3218 1467 3359 da. Von A. nichts.
695 3432 3374 3559 5.3. Gestern Abend Brief von A. sehr herzlich, macht sich Gedanken,
707 3564 3392 3670 dass ich zu sehr spare. Warum machen ihm gerade diese Entbehrungen
694 3704 3373 3825 Sorgen? Der fremde Herr hat mich angesprochen. Im übrigen anstren-
668 3792 3209 3961 gende Kur und Einsamkeit. Nochmals "Zug der Schatten" gelesen.
685 4015 3357 4187 6.7.Sonntag. Telefonischer Anruf A. Schwer verständlich. Günstige
692 4150 3529 4289 Verhandlungen mit Amerika. Heini schon bei ihm.-Lange im Wald gewesen,
3592 97 3675 278 47
