3787 4727
572 281 1208 418 Tgb. 10.5.1929.
741 446 3390 619 ermich an. Ich begleite ihn in sein Zimmer. Zustand von Minute zu
2395 550 2610 638 soudin
763 586 3456 726 Minute ärger, er verbietet mir jemand zu xxx einen Arzt, seinen
766 742 3577 864 Bruder oder Neffen Dr.Donath zu rufen. Es ist ein jammervoller Anblick
766 853 3407 986 Er will sich entkleiden, kann nicht, weist jede Hilfe ab, um zu er-
763 994 3376 1119 proben, ob er nicht gelähmt ist. Endlich um 12 Uhr bringe ich ihn
775 1119 3364 1251 dazu Dr. D. kommen zu lassen, dessen Erscheinen ihn psychisch sehr
764 1259 3464 1373 beruhigte (besonders sympathischer Arzt). Um ½2 ging ich mit Dr. D.
767 1392 3363 1517 zusammen fort, nachdem ich Minna geweckt und sie gebeten hatte in
778 1506 3450 1620 der Nähe zu bleiben. Dr. D. äusserte sich sehr unbestimmt zu mir,
771 1659 3436 1809 es könne natürlich allerlei sein, aber er hoffe, dass es sich in ein
766 1794 3369 1895 paar Tagen geben wird. Ich xxxzxx war verzweifelt. Mein Ein-
774 1889 3453 2002 druck: ein leichter Schlaganfall oder eine fixe Idee auf Basis ei-
782 2049 3291 2174 ner beginnenden Arteriosklerose. Ich bin so unglücklich, so von
770 2174 2400 2282 Angst erfüllt, dass ich nicht atmen kann.
771 2274 3388 2399 Vormittag bei ihm, seine Stimmung trostlos. Schwerste Hypochondrie.
770 2413 3460 2553 Er glaubt an eine Rückenmarkssache, Tumor etc., dabei geht er zweit-
768 2574 3517 2675 weise ausgezeichnet, besonders im Garten. Mittag wieder bei ihm. Voll-
772 2687 3417 2802 kommen appetitlos, ich nötige ihn zu ein paar Bissen. Am Abend auf
760 2800 3158 2949 meinen Rat seine Familie bei ihm (er hätte heute bei seiner
768 2925 2009 3044 Schwester nachtmahlen sollen).
755 3074 3427 3176 Nachmittag trotz meiner Verfassung die Eltern der Mädi T. bei mir,
769 3206 3445 3328 denen ich nicht mehr absagen konnte. Am Abend die Kinder. Gespräch
765 3320 3343 3439 mit Cary über A.'s Erkrankung. In der Nacht Anruf des Dr.Donath,
762 3456 3372 3595 der mich sehr beruhigt. Er hält es nur für eine fixe Idee, die in
755 3585 3368 3717 ein paar Tagen vergehen werden wird, aber nicht ausgeschlossen, dass
759 3714 3435 3832 er sich dann wieder eine andere Krankheit einreden wird. Dr. D. er-
764 3833 3391 3969 klärt mir spontan, dass er sowohl wie sein Schwiegervater absolut
762 3996 3396 4100 gegen jedes Zusammensein des A. mit der O. sind und dass da end-
756 4126 3390 4247 lich ein Ende gemacht werden muss. Der Mann müsse zur Ruhe kommen
772 4269 3445 4396 etc. Ich sagte ihm, dass ich nicht glaube, daß sich da etwas machen
3581 30 3655 110 des
3530 87 3687 236 236
