2806 3370
382 279 993 419 A.S. an H.v.H.
388 440 2453 577 bei Shakespeare notwendig ist. Erst im letzten Akt,
511 600 2472 731 wo nicht mehr le misanthrop, sondern un misanthrop
370 739 2331 857 vor einem steht,spürt man was ewig menschliches.
408 872 2415 1013 Es liegtwohl daran, dass alles, was in diesem Stück
385 1046 2380 1142 vorgeht, einfach die Ansicht des Helden bestätigt;
393 1188 2360 1293 er erfährt nichts neues, denn schon im ersten Auf¬
390 1332 2328 1456 tritt weiss er, was die Menschen für ein Gesindel
376 1484 2391 1570 sind. Erst sein Entschluss in die Einsamkeit sich
391 1573 2428 1755 zurückzuziehen, bewegt uns; wahrscheinlich weil wir
377 1738 2416 1868 wissen, dass seine ganze Menschenfeindschaft nichts
376 1882 2230 2003 ist als Sehnsucht nach guten Menschen, die er
384 2020 2379 2120 jetzt ein für alle Mal selbst zu etwas unerfüll¬
396 2154 2314 2295 barem macht; denn er wird niemanden mehr kennen
381 2313 747 2418 lernen.-
387 2396 2341 2545 Trösten Sie sich wegen desgemischten Hausbrots:
392 2585 2320 2722 Wochenlang hab ich ein weisses trockenes geges¬
385 2705 2468 2823 sen (wer nie sein Brot mit Thränen ass!!); und auch
397 2855 2304 2959 jetzt nehm ich meine Mahlzeiten in einer stock¬
393 2972 2313 3070 französischen Familie ein, wo keine heimatlichen
387 3106 2287 3229 Gulyasch-Düfte aufsteigen. Sie ahnen nicht, wie
