3770 4630
546 225 761 368 1928
594 350 834 485 31.8.
555 489 954 626 gekommen.
551 597 3444 737 1.9. Zwei sehr liebe Briefe von A. Er will Dienstag Früh ankommen. Aber
555 774 2068 914 ich ahne, dass er früher da sein wird.
547 889 3248 998 2.9. Herrliches Wetter. Bei den Kindern im Garten. Sehr gemütlich.
547 1010 1430 1187 Abend allein im Kino.
557 1123 3280 1296 4.9. Nun gehe ich zu ihm hinaus. Mehr Langen als Freude ist in mir.
547 1309 2152 1398 Aber viel, viel guter Wille und - Liebe.
555 1414 3234 1536 Es ist schwer über diese drei Wochen, die er jetzt mit O.,Heini und
543 1531 3354 1660 Arnoldo verbracht hat, hinwegzukommen. Aber ich bin fest entschlossen,
587 1669 3451 1809 kein Wort, keine Bemerkung, wenn ich auch oft dazu Grund hätte. Er sieht
550 1798 3281 1934 besser aus und er hat mich lieb. Das ist für den Augenblick die
533 1934 3371 2055 Hauptsache.- Abend 12 Uhr. Er findet mich sehr gut aussehend. Wie ein
559 2070 3360 2209 junges Mädchen, sagte er. Manchen Augenblick war er fast heiter. Aber
555 2189 3245 2319 dann schien er sich diese Heiterkeit gleich übel zu nehmen. Einmal
560 2295 3321 2487 sagte er zu mir, als ich über Schmerzen im Hinterkopf klagte, die mich
542 2453 3413 2585 heute den ganzen Tag quälen: Werde nur du mir nicht krank, das könnte
558 2588 1586 2719 ich nicht mehr ertragen.“
546 2699 3269 2861 5.9. Mit Magda bei Krupnik, ein einfacher Kleid um 24 S. fürs Spital
551 2859 3311 3012 aussuchen geholfen. Telefonisches Gespräch mit Berta Z., dann mit Dr.
544 2965 3304 3108 Horch von der Josefstadt. In den nächsten Tagen geht ein Brief an A.
550 3119 3340 3222 ab. Ich habe genau angegeben, wie er stillisiert sein soll: Man brennt
546 3242 3310 3348 darauf, ein Stück von ihm zu geben. Ob er nicht etwas Neues hat? etc.
541 3346 2110 3491 Ich hoffe so, dass ihm das helfen wird.
543 3475 3312 3638 Nachmittag Bruder Otto bei mir, der liebste, beste Mensch, den es gibt.
535 3608 3420 3761 Abend mit A. im Kino. War innerlich erstaunt, dass er den Wunsch hatte.
542 3755 2552 3870 Nachher Kurhauskeller. Alle Leute starren uns an.
520 3888 3502 4042 V 6.9. Vormittag schöner Spaziergang mit A., sommerlich warm. Abend wieder
524 4000 1629 4168 Kino und Dominikanerkeller.
1531 4035 1836 4220 mit 4.
555 4143 3379 4283 7.9. Vormittag Verabredung in der Teinfaltstrasse. Dann im Rathauspark
546 4290 3461 4463 zusammen gesessen. Ich hatte ein schwarzes Kleid an. Er schien sehr ent-
3510 63 3632 251 143
