3759 4658
2575 490 2996 636 17.10.25.
674 640 3353 843 und speziell für diese philosophische Arbeit wäre F. glaube ich der
658 806 3395 988 richtige Verlag. Hat sich ein Gespräch über die T.-Novelle ergeben?
641 956 3147 1076 Hast Du Heini den "Weiher" vorgelesen oder zum Lesen gegeben?
1022 1069 3235 1211 Ich freue mich schon den "Weiher" in Ruhe zu lesen und
678 1215 3483 1338 auch die Traumnovelle möchte ich gerne nochmals durchlesen. Indessen
694 1357 3271 1502 habe ich Frieda gebeten mir den "Zauberberg" zu bringen, obwohl
658 1446 3291 1608 ich momentan noch zu gar nichts komme. Immer Arbeit (in der Wirt¬
655 1588 2243 1750 schaft), Besorgungen und Unterredungen.
1004 1718 3381 1891 Ich habe übrigens ein sehr nettes Mädchen aufgenommen,
691 1836 3372 2045 die, wenn nicht plötzlich etwas Entsetzliches herauskommt (ich habe
632 1960 3366 2146 direkt Angst) wirklich eine Perle ist. Sie war jetzt 5 Jahre in der
628 2147 3493 2308 Schweiz, spricht absolut schweizerisch, kocht in meinem Sinn ausgezeich¬
634 2240 3368 2412 net etc. etc. Interessiert Dich das alles sehr? Ich glaube nicht und
646 2385 3341 2542 es ist nur die dumme Gewohnheit Dir alles zu erzählen. Jetzt laufe
632 2537 3354 2673 ich hinunter und gebe den Brief express auf, damit Du ihn übermorgen
629 2626 1826 2781 hast, denn es ist schon 6 Uhr.
1056 2760 3279 2952 Vorgestern war ich mit Fredi bei einem sehr guten Film
642 2898 3277 3057 "Die drei Portiermädeln". Mir wars leid, dass Du ihn nicht gesehen
616 3027 2163 3185 hast, aber ich gehe gern nochmal dazu.
1081 3186 3345 3351 Lebwohl, ich umarme Dich in Eile, aber doch mit einiger
616 3273 894 3398 Wärme.
1450 3414 2374 3590 Deine Clara Katharina.
1547 3578 1781 3771 - - - - - -
