3754 4694
617 295 1547 484 gb. Pfingstsonntag 1929
606 481 3545 675 Vormittag zu Cary und Magdi und bei ihnen zu Tisch. Gemütlich und heiter.
563 646 3519 768 Nachmittag Anna und Emmy Erlanger. Abend A. bei mir, trotzdem das Mädchen
559 742 3491 885 Ausgang hatte. Worterraten gespielt. Ich finde, er sieht besser aus. Wet-
549 900 1959 1069 ter andauernd kühl und regnerisch.
568 1084 3356 1213 Pfingstmontag 20.5. Vormittagunit A. Spaziergang. Er geht viel besser
541 1249 3380 1374 und auch seine Stimmung hellt sich auf. Wir waren in der Gärtnerei in
1563 1342 1715 1414 bien
564 1358 3330 1555 der Peter Jordanstrasse ome, herrliche Tulpen mitgebracht. Wetter wie
686 1483 1201 1641 Anfang März.
548 1568 2212 1798 Nachmittag Besuch von Paula und Hermine.
550 1772 3371 1950 21.5. Gestern Abend bei A. Zeitweise grosse Traurigkeit und Gespräche
570 1932 3398 2073 um Lili. Dieser Schmerz fällt ihn manchmal wie eine Krankheit an. Ich
567 2092 1900 2231 sitze bei ihm und streichte ihn.
576 2214 3434 2363 Heute Vormittag Stadt trotz Regen. Nachmittag Anruf von A., er hat Brief
618 2348 3505 2466 von Arnoldo, ob er, da A. nicht an den Wörthersee kommt, den kurzen Urlaub,
543 2488 3452 2609 den er hat, nicht hier bei ihm verbringen darf. Er hat ihm telegraphisch
579 2590 2213 2750 geantwortet, er sei ihm immer willkommen.
570 2732 3542 2897 Kommt Arnoldo, so kommt wohl auch die O. Ach, wenn es mit diesen paar Tagen
620 2853 3437 3008 für einige Monate abgetan wäre, wollte ich nichts sagen, aber wer weiss,
577 2996 3434 3106 wie lang sie bleibt und ob sie mit Meini im Juli nicht wieder herkommt.
568 3106 2209 3300 Das hielten meine Nerven nicht mehr aus.
567 3285 3524 3480 22.5. Heute Abend mit A. bei "Monsieur Lamberthin" mit Basser, ann. Arnol-
568 3422 1259 3596 do kommt morgen.
568 3641 3491 3763 23.5. Arnoldo kommt heute Abend und morgen die O. Als er es mir am Tele-
579 3766 3502 3906 for mitteilte, - er hatte vorher mit Berlin gesprochen - sagte ich: "Viel-
573 3877 3413 4022 leicht ist es gut, dass sie kommt - vielleicht wird es eine Entspannung
562 4040 3471 4165 für Deine Nerven sein". Er schien sehr gerührt von meiner Einsicht (aber
573 4147 1807 4313 wie mir innerlich zumute ist).
580 4269 3521 4423 Am Nachmittag brachte er mir Bjumen. Am Abend kommen er, Otto, Emmy und der
612 4415 3264 4551 Hofrat Pollak (Bruder von Frieda) zum Nachtmahl. Dann um 1/4 11 ge¬
3488 116 3655 296 241
