3690 4703
599 290 1285 449 An A.S.,Benedig.
2150 294 2819 449 Wien, 23.4.1927.
598 601 991 781 Liebster.
971 743 3299 916 ich schreibe heute mit Tinte, obwohl ich natürlich noch im
598 872 3287 1032 Bett liege, aber mit Bleistift sieht meine Schrift noch grauslicher
600 1009 3321 1153 aus. Ich habe seit vorgestern Mittag keinen Anfall mehr. Belladonna
616 1129 3284 1267 scheint zu wirken, aber meine Nerven sind am Hund. Ich musste heute
600 1289 3417 1422 Nacht zweimal Schlafmittel nehmen. Gestern Nachmittag habe ich Frieda
584 1431 3374 1557 di ktiert und sie kommt heute Vormittag, da uns noch drei Seiten übrig
605 1538 3373 1710 blieben. Ich lese die "Gorondisten" mit viel Vergnügen, ansonsten ist
595 1667 3207 1812 meine Stimmung mässig. Draussen der herrlichste Frühlingstag und
612 1820 3490 1952 ich sehen mich sehr nach Sonne. Es muss jetzt herrlich in Venedig sein.
597 1955 3283 2090 Gondelfahrten! Ich wünsche Dir von ganzem Herzen sehr schöne, frohe
603 2081 3314 2221 Tage dort. Aber Ihr könnte ja alle Venedig nicht ganz verstehen und
610 2225 3396 2350 empfinden, weil Ihr dazu zu wenig phantastisch seid. Aber das ist mir
611 2334 3404 2467 ganz recht, da ich sonst vielleicht auf Venedig selbst und die dortige
591 2446 3328 2613 Stimmung eifersüchtig wäre. Zu berichten habe ich sonst nichts. Von
602 2596 3441 2736 meiner Krankheit zu reden ist mir schon fad und mein Leben nicht gera-
598 2689 3434 2869 de abwechslungsreich. Tage und Stunden kriechen recht einförmig dahin,
594 2859 3330 3013 ich bin froh, dass ich keine argen Schmerzen habe und hoffe, das sie
593 2970 1379 3086 nicht wiederkommen.
1341 3115 3310 3265 Lebwohl, Liebes, bleib gesund, ich umarme Dich.
1676 3237 2104 3364 Deine C.K.
