3690 4707
2216 238 2900 399 Wien, 28.12.1926.
615 237 1421 407 An A.S. nach Berlin.
620 421 3390 581 Mein Liebes, denke Dir, der Brief, den Du mir gestern telefonisch ange-
663 572 3305 709 kündigt hast, ist bisher nicht eingetroffen und es ist schon 1 Uhr
652 733 3273 879 Mittag. Ich schreibe Dir trotzdem, denn ich möchte, dass Du morgen
603 806 3455 976 zum Sylvesterabend ein paar Zeilen von mir hast. Es war mir sehr leid,
617 991 3221 1097 dass wir gestern wieder so auseinandergerissen wurden. Vielleicht
629 1100 3480 1246 müsstest Du beim Anmelden sagen, wie lange Du sprechen willst. Ich habe
613 1265 3390 1406 am Vormittag das Jo-Kapitel zu Ende dixtiert und auch die Umstellung
620 1350 3379 1482 am Schluss vorgenommen. Ich bin begierig, was Du mit Niegler sprechen
622 1504 3353 1632 sprochen wirst. Auch der Titel macht mir Sorge. Am Nachmittag waren
622 1654 3346 1773 Lotte M. und Enny E. da, um war nicht allzu amüsant. Heute Vormittag
623 1745 3375 1919 bei entsetzlichstem Wetter zur Schwägerin Enmy in die Alserstrasse.
592 1899 3380 2055 Nachmittag ist der Thee bei Byck und Abend bin ich wieder allein zu-
599 2014 3341 2165 hause. Cary ist zu Magda nach Maria Zell, die Familie W. nach Aussee.
971 2147 3329 2272 Glaubst Du nicht jetzt selbst, sa wäre netter und richtiger
661 2274 3431 2430 gewesen, Du wärest über die Feiertage mit mir geblieben und dann nach
603 2389 3394 2582 Berlin. Du hättest alle Leute angetroffen, die in den Feiertagen fort
621 2534 3274 2672 sind und in 8 Tagen mehr erledigt, als jetzt vielleicht in 12. Und
618 2668 3253 2804 Heini wäre ja doch nicht allein gewesen, da er die Lucy M. hat und
627 2819 3386 2970 hätte ein paar Tage warten können. Denn Du und ich wär haben doch ei-
1356 2906 1556 2982 nur
663 2915 3394 3070 gentlich wirklich Eines das Andere. Darüber solltest Du Dir endlich
634 3081 3440 3213 einmal klar seinkund Dich darüber freuen. Ich wünsche wirklich nichts
633 3187 3470 3304 anderes als für Dich da zu sein, unsere Beziehung als das Endgültige im
689 3350 3417 3489 eben zu betrachten und wenn es Stunden und Tage gibt, wo Böses in uns
618 3445 711 3582 er
774 3468 3288 3625 acht, so bist immer Du Schuld daran. Es ist dies kein gutes Jahr
639 3592 3472 3742 gewesen und dochweiss ich, dass wir uns über manche Unstimmigkeit hin-
626 3720 2704 3845 weg immer mehr geworden sind und Du weisst es auch.
1015 3879 3352 3982 Bringe nur in diesem neuen Jahr auch Du den guten Willen
617 3950 3192 4103 mit, das, was Unstimmigkeiten erzeugt, zu vermeiden, die immer ihre
637 4085 3435 4259 uUrsache in Unklarheiten und kleinen Unaufrichtigkeiten haben, für die
622 4213 3491 4370 ich sehr empfindlich bin. Wir sollten Beide so froh und glücklich sein,
3414 106 3548 270 961
