3786 4630
617 324 1343 539 Tgb. 25.10. 1929.
602 497 1274 646 sichtlich fern.
626 668 3380 854 26.10. Ich habe durch Frieda den Dr.Donath anufen lassen, da mich der
613 822 3412 962 Zustand A.'s immer mehr beängstigt. Ich versteh diese Familie nicht,
622 927 3425 1102 de sich soo wenig um seine Gesundheit kümmert. Seit einigen Tagen be-
3126 1056 3457 1144 alle di
603 1070 3586 1234 hauptet A. einen Schatten vor dem linken Aug zu haben. Ich halte Symptome
612 1239 2178 1374 für eine beginnende Arteriosklerose.
601 1406 3308 1562 28.10. Gestern zum Nachtmahl bei A. mit Dr.Donath und seiner Frau,
615 1549 3532 1722 (eine Folge meiner Intenvention). Dr. Donath wie zufällig daraufhin Besuch
584 1681 3464 1849 bei A. herbeigeführt. Langes Gespräch mit A. während ich mit der Frau
601 1794 3483 1952 plauderte. A. spielte mit seiner Nichte nach dem Abendessen vierhändig.
592 1910 3511 2094 Das Ehepaar begleitet mich dann bis vor meine Türe. Sie finden A. elend
606 2073 3486 2241 aussehend und seinen Nervenzustand sehr schlecht. Ich frage, ob es nicht
592 2202 3397 2345 doch Arteriosklerose ist. Dr. D. behauptet nein. Heute soll A. zu Prof.
594 2302 1655 2488 Sachs (Augenarzt) gehen.
593 2529 3411 2694 A. in furchtbarer Aufregung vor dem Besuch bei Sachs. Ich schlage ihm
599 2662 2795 2806 vor ihn wenigstens bis hin zu begleiten. Er nimmt an.
594 2779 3478 2897 Ich sollte ihn dann beim Zuckerbäcker Sluka erwarten, aber ich blieb vor
581 2886 3409 3049 dem Haustor bis er zurückkam. Eine kleine Blutung in der Netzhaus an-
586 3047 1823 3188 geblich - ganz unbeträchtlich.
590 3167 3393 3346 Gespräch mit Dr. D. hinter dem Rücken von A. Es sind doch Symptome von
579 3291 3518 3471 Arterioskleroe. Brüchigkeit der Gefässe. Vielleicht wird man einen Ader-
566 3397 1860 3565 lass machen, xagt wie Sachs rät.
571 3545 3391 3689 Ich hatte in der Nacht vom 28.zum 29. Oktober einen merkwürdigen Traum
583 3665 2031 3841 von meinem Tod. Heute in 10 Jahren.
567 3855 3398 4062 31.10. Gestern Abend A. bei mir. Im Radio Requiem von Verdi. Ich muss
574 3981 3145 4136 immer aus dem Zimmer gehen, damit A. nicht sieht, dass ich weine.
558 4210 3299 4389 1.11. Gestern Abend Otto und Emma bei mir. (Am 28. hat übrigens mein
