3743 4634
556 204 759 348 1928
603 422 859 554 14. 6.
606 506 3437 658 in den Finger schnitt. Rückfahrt herrlich. Erst nach Traunkirchen hef-
544 674 1215 819 t iges Gewitter.
592 791 3451 924 15.6. Heute Regentag. Arbeit. Korrektur des Romans.Briefe geschrieben.
597 927 3445 1059 A. einsilbig-kühl. Ich kenne diese Stimmungen bei ihm, mache mir nichts
597 1084 3423 1230 mehr daraus. Eben kam er herein, klagte, dass er friert. Ich machte ihn
598 1224 3347 1345 aufmerksam, dass er eine Leinenjacke, wie an einem heissen Tag an
571 1334 3495 1456 hat und eine warme anziehen sollte. Ich glaube, manchnal ärgert er sich,
569 1425 3169 1577 dass ermich obraucht. Wie kindisch ist doch so ein grosser Mann!
572 1607 3391 1722 16.6. Heute kam A. in aller Früh mit strahlendem Lächeln, ganz himmel-
576 1692 3238 1840 blauen Augen und allerlei Süssigkeiten bepackt, zu mir herein. Die
604 1838 3387 1989 schlechte Laune ist vorbei. Wir machten einen wundervollen, 2½stunden
581 1990 3502 2120 langen Spaziergang. Ueber Ahornbühl, Lindau, Pfandl und Elisabethpromenade
566 2130 3428 2232 zurück. Gespräche über Gott,über Wunder und dass es eine Anmassung ist
615 2237 3343 2353 sich über Gottes Werk zu wundern. Ich sagte: "Wundern schliesst im-
612 2383 3419 2526 mer auch Zweifel ein. Das Wort "staunen" ist richtiger. Es dünckt naive
619 2516 3467 2636 Ergriffenheit aus“. A. sagte viel über die Landschaft,über ihre Wirkung
583 2647 1785 2767 als Natur und als Dekoration.
569 2763 3300 2895 Nach Tisch wieder bei Zauner. A. nascht gerne wie ein kleines Kind.
576 2858 3380 3022 Morgen sollen wir Nachmittag nach Aussee hinüber das Ehepaar Z. besu-
555 3010 3410 3162 chen. A. hat sie zu Tisch herübergebeten, aber Mimi Z. ist nicht wohl.
550 3167 3379 3264 H offentlich ist das Wetter sicherer als heute. Regen steht am Himmel.
583 3266 3489 3403 17.6. Aus dem Ausseer Ausflug ist nichts geworden, denn es regnet, regnet.
613 3405 3392 3566 A. kam zeitlich in der Früh zu mir herein, setzte sich auf mein Bett.
553 3537 3499 3684 Wir gingen erst gegen Mittag fort (Kaisergarten). A. den ganzen Tag sehr
575 3670 3445 3826 lieb und zärtlich. Nach Tisch wieder bei Zauner, eine Frau Flegmann ge-
580 3823 3369 3936 sprochen. (Alte, kluge Jüdin, einst mit Brahms befreundet). Gegen Abend
561 3929 3467 4059 im Kino "Liebe einer Nonne". Unbeträchtlicher, aber nicht allzu langwei-
605 4078 3514 4208 liger Film. Nach dem Nachtmahl in der Halle gelesen (Rahel Sanzara, "Das
3505 96 3688 278 126
