3742 4662
1784 270 2626 424 Stuttgart, 10.1.1925.
514 498 3299 636 Auch heute. Liebste, nur ein paar Worte. Eben erhalte ich Deine Karte.
503 604 3299 747 Der erste Gruss aus Wien,tausend Dank. Chronik der bisherigen Reise:
534 722 3500 891 Im Schlafwagen bis München wenig geschlafen. In München an 8. um 10 Uhr; -
528 885 3431 1000 Rheinischer Hof; - mit Lili gegen Mittag Spaziergang. Beide müd, -in ein
529 975 3436 1119 Panorama (Sizilien und Wetterstein (Klettertour)),um uns auszuruhn. Bei
567 1151 3314 1270 Manns gut, zu gut gegessen. Herzlichkeit. Im Hotel; - Lili legt sich
532 1272 3346 1390 gleich nieder.- Ich zu Glümers; - trübselige Verhältnisse. Freude über
547 1382 3502 1500 mein Kommen. M.G. bettlägerig. Gusti, die Schwester, gibt Klavierlektionen,
533 1508 3328 1649 der Sohn kleine Stellung, 60 Mark monatlich. - Zu Manns - musste um ½10
542 1648 3371 1778 "heim", wegen Uebelbefinden, das auch die Nacht ein wenig störte.- Am 9.
559 1771 3492 1922 (gestern) nach Stuttgart (8-1). Im Coupe" vorbereitet" für die Vorlesung.-
572 1901 3464 2034 Hotel Marquard, wir speisen mit dem Arrangeur Walter Guttmann (Buchhänd-
578 2019 3511 2153 ler), -bummeln ein wenig,- Von 5-7 im Hotel; Ruhe und Durchlesen. ½8 Vor-
578 2153 3366 2290 lesung. Ziemlich grosser Saal (700 etwa) - bis auf den letzten Platz
543 2311 3543 2459 gefüllt. Lese Dreifache Warnung, Leise bogh; - dann Grosse Szene, mit starker
581 2443 3380 2547 Wirkung (war selbst nicht ganz zufrieden.) Nachher "zuangloses" Nacht-
525 2594 3305 2723 mahl der 25 Personen; Bürgermeister, österreichischer Consul,Regisseur
509 2676 3360 2836 des Theaters u. Andere. Die Weiber sahen furchtbar, unwahrscheinlich aus.
535 2830 3368 2975 Um 12 im Hotel zurück. Gut geschlafen. Jetzt wartet Lili in der Halle,
550 2963 3446 3074 wir wollen eh uns der Zug nach B.B. entführt (um 1), -noch einen Spazier-
538 3080 3434 3229 gang in die höheren Stadtteile unternehmen. Und zu Ende packen soll ich
537 3229 2788 3374 auch. Dieses Packen - es macht mich immer unglücklicher.
967 3371 3429 3475 Leb wohl -nimm diese flüchtigen Zeilen wie sie gemeint sind,
569 3445 2512 3620 als "Bericht" - und sei innigst umarmt. Dein A.
1672 3618 2036 3730 - - - - _ —
3422 118 3596 283 103
