3783 4723
666 264 1353 432 T gb. 30.4.1929.
730 444 3507 581 Abend bei "Verbrecher". Interessant und begabt, wenn auch kein Kunst-
684 614 3435 744 werk. Spiel und Inszenierung fabelhaft. Nachher mit A. und Horch in
692 734 3479 841 der "Linde" genachtmahlt. Beim Gedränge des Ausgangs hatte ich einen
696 842 3498 1016 Augenblick den Wunsch mich einfach zu verlieren, wortlos zu verschwin-
685 996 3296 1122 den. Abersie bemerkten schliesslich mein Zurückbleiben.
706 1113 2311 1266 Forzierte Konversation beim Abendessen.
691 1252 3471 1384 Heute Abend Alma, Werfel, Hofrätin 2. und ich in der Sternwartestrasse
699 1358 2052 1527 bei A. Ich werde Nerven brauchen.
708 1558 3345 1712 1. Mai. Mit 2 Tabletten Kola und viel Alkohol ist es gegangen. Ich
696 1701 3354 1841 war sehr heiter, der Abend sehr animiert A. sah elend aus. Hinter
708 1818 3621 1989 seiner guten Stimmung war Trauer. Alma bestätigte mir heute/ telefonisch
697 1988 3466 2101 diesen Eindruck. Sie sagte, sie will an A. schreiben, um ihm zu erklä-
707 2088 3329 2239 ren, warum sie jetzt in Berlin die O. nicht besucht hat. Sie kann
688 2224 3324 2396 einfach nicht. Sie sagt, seit Lilis Tod sei sie mit der O. fertig.
680 2350 3460 2479 Ich erzählte ihrnichts von A.'s Reiseplänen mit der O. und Arnoldo,
750 2508 2793 2651 denn ich habe das Gefühl, ich mache ihn lächerlich.
711 2611 3343 2770 Heute Abend soll ich zu A. Ich fürchte dieses Tête-à -tête. Gott,
712 2747 3427 2906 wenn nicht Mitleid und Zärtlichkeit in mir vorhanden wäre ginge ich
742 2895 1480 3020 ja auf und davon.
700 3065 3401 3227 3.5. Den ganzen Tag an einem Brief an A. geschrieben, dass es ja das
700 3216 3422 3342 Beste ist, wenn ich gehe. Nicht wegen der 8 Tage am Wörbhersee,son-
678 3371 3383 3469 dern wegen allem, was schon war und noch sein wird. Um 6 Uhr kam er
704 3491 3430 3608 herüber und sagte sehr liebevoll, mich beim Kind nehmend: "Nun, schon
706 3602 3450 3728 vernünftiger?“ Ich antwortete, das hat mit Vermunft nichts zu tun. Und
709 3726 3499 3866 in einem dummen Impuls gab ich ihm den Brief. Er las ihn, war sehr er-
700 3867 3376 3984 griffen, aber es ändert nichts. Ich soll einsehen, ich soll vertehen.
695 4081 3518 4278 4.5. Heute Nachmittag bei Alma. Natürlich wieder Gespräch über A. und
692 4249 3436 4412 die O. Alma weiss schon von seiner Reise an den Wörthersee, versteht
3525 119 3695 299 233
