3727 4662
1904 275 2954 432 Celerina (nach Selisberg)
1870 392 2519 516 8.8.1924. Früh.
583 455 3373 631 Mein sehr Liebes, alles verlief bisher programmgemäss. In Chur, Stein-
597 606 3341 795 bock, Forelle und Omelette. Zimmerschwierigkeiten. Nach Thusis tele-
638 763 3350 902 foniert; desgleichen. Nach ½6 kam der Zug aus Baden-Baden an brachte
602 876 3334 1068 nur 0.; - Lili war aus gewissen technischen Gründen mit Salzens vor
658 952 3428 1170 drei Tagen vorausgefahren; - O. war sehr einverstanden gleich weiter
622 1140 3277 1276 zu reisen; - trotz erheblicher Rekonvalescentenmattigkeit Gespräch
624 1294 3468 1403 über die Erkrankung und alles was damit zusammenhängt; über die Kinder.
667 1430 3363 1571 Keine Frage (und auch nicht das geringste Interesse) woher ich kam
1216 1502 1383 1606 kam
618 1544 3376 1693 der Fahrt. So kann ich denn für meinen Teil mit einstündiger Verspä-
610 1701 3427 1797 tung in Celerina an; - ein Zimmer war bereit (das Hotel Überfüllt) -
2673 1767 2840 1853 ihn
618 1767 3332 1944 ganz nach meinem Geschmack; der Direktor (ich könnte) nicht schöner
624 1958 3408 2095 eichten) hatte sogar für einen zweiten Tisch gesorgt.- Beiläufige Toi
3342 2054 3421 2164 jr
621 2079 3303 2225 lette - im Speisesaal ganz allein (zur Abwechslung) eine Forelle (1)
625 2190 3354 2373 eine Familie ausreichend, aber ich erledigte sie spielend - es waren
640 2333 3358 2515 übrigens zwei Forellen); und ein Emmenthaler in Schweizerhaus-Vor-
640 2440 3447 2626 trefflichkeit - die Bar - (auch das gibts) -wo Smokings wimmeln,- ein
632 2568 3436 2740 junger Herr aus Prag bestellt mir xxx einen Gruss seiner Mutter, die in
655 2681 3345 2860 Cresta Kulm wohnt (Bekannte von circa dreissig Jahren her, Direktor
632 2856 3310 2989 Ziegler). Ich blättere in dem (übrigens völlig leeren) Lesesaal in
633 3013 3277 3126 französischen Zeitungen, entdecke, dass in der Illustation der Roman
645 3092 3356 3292 von Paul Zifferer..Kaiserstadt, übersetzt von Marcel Dunan erscheint
636 3242 3396 3362 (Z. Presseattache unserer Gesandtschaft in Paris..an der Quelle sass
631 3365 3251 3495 der Knabe...) und lese einen chauvenistischen Artikel des alten
617 3468 3170 3660 Paul Bourget, der kaum mehr in den Krieg wird müssen) über ein
644 3621 2574 3788 Kriegstagebuch des jungen Barres. Hoffnungslos.
651 3727 3496 3895 Ganz gut geschlafen, allzu viel etwas wirr geträumt, von Beer-Hofmann;
659 3928 2722 4031 fremder Stadt, Gersthof, Traumway-Nachlaufen u.s.w.-
698 3990 3421 4184 Regen, auffallend warm. Köstliches Frühstück in dem neuen getäfelten
658 4139 3641 4327 Frühstücksaal. Aber ich bin gar nicht so gefrässig, als es nach diesen
700 4313 1674 4500 Brief den Anschein hat.
3484 77 3572 298 77
