3685 4682
587 301 1445 465 An A.S. nach Berlin.
2403 301 3098 484 Wien, 30.11.1927.
600 498 1109 666 Mein Liebes,
1122 650 3308 761 den ersten Brief habe ich heute Vormittag eigenhähdig
617 781 3311 917 um 11 Uhr ins Kastel gesteckt, ehe ich zum Zahnarzt lief. Folgt der
594 896 3253 1015 wenig interessante Tagesbericht: Nach dem Zahnarzt zu Drecoll die
608 1054 3492 1164 Weihnachtsokkasion besichtigen, um 4 Uhr zu Elias, der mich glänzend aus-
603 1186 3441 1311 sehen fand. Er bestellte mir von seiner Frau, dass sie von den Géraldy-
585 1280 3433 1465 Gedichten entzückt ist und auch den Roman mit grossem Interesse liest.
590 1426 3409 1549 Er hat mich absolut nicht zahlen lassen und sagte, mein Besuch sei nur
601 1555 3485 1689 ein grosses Vergnügen für ihn. Von dort fuhr ich, (auf diese Ersparnisse
607 1699 3484 1837 hin) mit einem Taxi zu meiner Schwester in die Alserstrasse. Es regnete
607 1817 3372 1940 und stürmee einigermassen. In diesem Pensionszimmer würde ich ungern
613 1934 3372 2058 auch nur eine Nacht verbringen. Neben ihr komme ich mir höchst unbe-
597 2096 3431 2218 scheiden und anspruchsvoll vor. Während meines Dortseins kam die Baro-
591 2218 3318 2357 nin Erb zu Besuch und nachher plauschten wir eine Weile noch allein
606 2341 3365 2465 weiter. Ich bewundere vieles an Anna, anerkenne ihre Vorzüge und habe
596 2497 3362 2614 sie auch von Herzen gern, aber ich fühle mich ihr so wesensfremd, dass
600 2616 3477 2741 es mich immer verschlossen macht.- Frieda hat mich angerufen und wollte
592 2719 3412 2882 mit mir in ein Kino gehen, aber da ich schon so zeitlich aus dem Hause
593 2848 3281 3011 ging, war es mir für heute zu viel. Morgen kommt sie zum Diktat und
599 3002 2235 3143 Freitag Abend wollen wir beisammen sein.
2426 3127 2670 3238 1.12.
1146 3241 3401 3390 Eben, mein Liebes, habe ich Deine Stimme gehört und fülle
571 3399 3433 3511 mich Dir um Vieles näher. Es war sehr lieb von Dir mich anzurufen. Ich
586 3520 3384 3668 habe heute sehr unruhig geschlafen und gegen Morgen einen schönen und
585 3635 3319 3760 zärtlichen Traum gehabt. Und das Wetter ist wieder recht minder und
582 3761 3481 3907 die Strassen schwimmen. Trotzdem gehe ich fort, da ich etliche Besorgun-
585 3903 2550 4068 gen habe. Ich umarme Dich sehr sehr innig. Deine
2536 4025 2743 4151 C.K.
3505 116 3581 303 74
