3690 4667
2722 255 3113 453 13.9.29.
585 483 1025 652 ständigung.
1099 589 3189 770 Von Frieda fand ich einen sehr lieben Brief vor, sie
577 766 3419 909 scheint selig über Dein Telegramm und hat Dir einen Brief geschrieben,
571 906 2415 1029 der wohl eine Rundreise bis zu Dir machen wird
1084 1005 3343 1180 Heute Früh rief ich auch schon bei Turnowskys an, sprach
574 1167 3367 1290 die Mutter, die überströmend lieb war, mir erklärte, ich sei der "ent¬
569 1295 3295 1444 zückendste Mensche" - - hört! hört! - und sie hätte immer gesagt, der
569 1428 3291 1555 einzige Gewinn an der ganzen Verlobungsgeschichte sei ich. Trotzdem
557 1556 3392 1710 werde ich recht zurückhaltend sein, was den weiteren Verkehr anbelangt.
1122 1695 3160 1851 Ich erwarte mit grosser Ungeduld Deine Nachrichten
571 1823 3371 1985 über O. Du irrst sehr, wenn Du glaubst, dass ich sie hasse. Ich wünsche
566 1947 3363 2096 ihr wirklich alles Gute und dass sie bald gesund ist, sowohl um ihret¬
556 2064 1400 2207 als um Deinetwillen.
1066 2190 3405 2354 Für heute genug, mein Liebes, es ist hier viel sommerlicher
563 2326 3313 2484 als zur Zeit unserer Abreise, aber gar nicht zu heiss. Ich freue mich
567 2466 3343 2619 über den blauen Himmel, über meine Wohnung, die sehr schön ist und
558 2591 946 2704 auf Dich!
1055 2712 3315 2833 Bitte bestelle Beer-Hofmanns einen schönen Gruss, da sie
535 2832 3286 3030 mich ja auch letzhin grüssen liessen. Ich glaube, Marienbad wird Dich
527 3004 3260 3132 sehr gefallen und ich glaube, Du solltest Dich ein wenig umsehen für
543 3121 3263 3265 ein ander Mal für uns Reide. Ich umarme Dich und danke Dir noch mit
549 3242 1853 3413 einem besonderen Kuss für Alles.
1211 3360 1661 3507 Deine C.K.
