3771 4723
720 291 1399 450 Tgb. 8.11.1930.
686 504 3209 668 9.11. Wahltag. Starhemberg ist zu fürchten. Mittag die Kinder.
713 662 3381 779 A. kam auf einen Sprung, während wir bei Tisch waren. Am Abend geh
690 784 3450 887 ich zu ihm. Gott gebe, dass wir in einem herzlichen Einvernehmen aus-
696 923 3096 1035 einandergehen und uns ein gutes Wiedersehen beschieden ist.
688 1056 3240 1190 10.11. Die gestrigen Wahlen - keine Sieger und keine Besiegten.
682 1157 3325 1286 Der gestrige Abend sehr herzlich. A. heute an die Bahn begleitet,
675 1273 2041 1407 obwohl ich 37.7 Temperatur hatte.
688 1448 3364 1567 13.11. Zwei Tage fiebernd im Bett gelegen mit arger Erkältung. Von
718 1572 3316 1698 A. heute Früh eine Karte. Seine Novelle "Wahn" gelesen, die jetzt
717 1707 3279 1835 veröffentlicht werden soll. Ausserordentlich als Kunstwerk, aber
712 1836 3489 1933 mir fast ebenso unsympathisch wie die Novelle "Der Mörder". Gab ihm
686 1962 3316 2121 den Rat den Titel "Flucht in die Nacht" zu wählen. - Heute zu Tisch
675 2067 3358 2233 Frieda, die mir einen Tropfen Gift dagelassen. A. dreht sich angeb-
679 2234 3538 2365 lich nach jeder Frau um und es sei kein Wunder, dass ihm die Frauen dann
708 2366 3358 2463 schreiben. Ich habe nie vom Undrehen was bemerkt und wiss nichts
675 2485 3329 2626 von Briefen. Wenn sie etwas weiss, warum sagt sie es mir nicht und
669 2612 3194 2723 wenn sie nichts weiss, warum beunruhigt sie mich. Freundschaft?
668 2753 3396 2870 14.11. Kinder zu Tisch. Expressbrief von A. Ein Bericht, aber recht
669 2876 3309 2994 herzlich. Hat Lili Kraus und ihr Kind besucht. Sehr geschmacklos,
671 3007 3184 3154 aber ich reagiere gar nicht darauf, und sicher nicht brieflich.
654 3116 2465 3276 15.11. Anruft aus Berlin,Stimmung ganz gut.
667 3269 3236 3409 16.11. Vormittag Stadt,viele xxx leichtsinnige Bestellungen, aber
675 3392 1974 3535 ich will mich besser anziehen.
697 3515 2014 3655 Frieda zum Nachtmahl und Diktat.
665 3650 3242 3785 3. sehr netter Brief von A. Er dürfte Ende der Woche kommen. Ich
656 3782 1783 3917 möchte nur besser aussehen.
657 3900 1889 4058 17.11. Ich friere und arbeite.
660 4050 3329 4195 19.11. Vormittag Sternwartestrasse Bücher holen,Nachmittag in der
641 4187 3434 4305 neuen Wohnung der Kinder. Sehr klein, sehr bescheiden, aber sie werden
3541 124 3683 298 109
