<?xml version="1.0" encoding="UTF-8" standalone="yes"?>
<PcGts xmlns="http://schema.primaresearch.org/PAGE/gts/pagecontent/2013-07-15" xmlns:xsi="http://www.w3.org/2001/XMLSchema-instance" xsi:schemaLocation="http://schema.primaresearch.org/PAGE/gts/pagecontent/2013-07-15 http://schema.primaresearch.org/PAGE/gts/pagecontent/2013-07-15/pagecontent.xsd">
    <Metadata>
        <Creator>prov=READ-COOP:name=TrHtr:version=0.0.6:model_id=44522:date=25_11_2022_11:54</Creator>
        <Created>2022-11-17T16:36:38.033+01:00</Created>
        <LastChange>2022-11-25T11:54:06.972Z</LastChange>
        <TranskribusMetadata docId="1233893" pageId="50264783" pageNr="848" tsid="105032919" status="IN_PROGRESS" userId="40391" imgUrl="https://files.transkribus.eu/Get?id=GFCLYNPXHIMGTKXZNQLRIUQJ&amp;fileType=view" xmlUrl="https://files.transkribus.eu/Get?id=OSTQEQVJMQCPOXEHODECQGKQ" imageId="41051194"/>
    </Metadata>
    <Page imageFilename="HIN-155550_0848.tif" imageWidth="3686" imageHeight="4658">
        <ReadingOrder>
            <OrderedGroup id="ro_1669820953588" caption="Regions reading order">
                <RegionRefIndexed index="0" regionRef="r1"/>
            </OrderedGroup>
        </ReadingOrder>
        <TextRegion id="r1" custom="readingOrder {index:0;}">
            <Coords points="584,111 584,1530 3558,1530 3558,111"/>
            <TextLine id="r1l1" custom="readingOrder {index:0;}">
                <Coords points="2802,419 2893,403 2915,381 2983,429 3103,409 3175,458 3219,458 3221,273 3152,287 3113,254 3073,253 3007,310 2956,309 2884,276 2804,293"/>
                <Baseline points="2822,378 2847,378 2872,378 2897,378 2923,380 2948,380 2973,381 2998,381 3024,382 3049,383 3074,383 3099,383 3125,383 3150,383 3175,382 3201,381"/>
                <TextEquiv>
                    <Unicode>12.11.30.</Unicode>
                </TextEquiv>
            </TextLine>
            <TextLine id="r1l2" custom="readingOrder {index:1;}">
                <Coords points="623,595 3424,600 3319,470 623,508"/>
                <Baseline points="642,578 780,578 918,579 1056,581 1195,581 1333,581 1471,582 1609,582 1748,582 1886,582 2024,582 2162,582 2301,582 2439,582 2577,582 2715,582 2854,581 2992,581 3130,581 3268,581 3407,581"/>
                <TextEquiv>
                    <Unicode>fehlt es mir nicht. Gestern Nachmittag war Anna bei mir und wir spra-</Unicode>
                </TextEquiv>
            </TextLine>
            <TextLine id="r1l3" custom="readingOrder {index:2;}">
                <Coords points="579,733 3210,779 3289,776 3290,642 579,620"/>
                <Baseline points="597,710 730,710 864,711 998,711 1132,711 1266,711 1399,711 1533,712 1667,713 1801,713 1935,713 2068,713 2202,713 2336,713 2470,713 2604,713 2737,713 2871,713 3005,713 3139,713 3273,714"/>
                <TextEquiv>
                    <Unicode>chen uns besser als sonst. Von mir persönlich sprach ich allerdings</Unicode>
                </TextEquiv>
            </TextLine>
            <TextLine id="r1l4" custom="readingOrder {index:3;}">
                <Coords points="571,889 3304,882 3304,776 3119,751 571,776"/>
                <Baseline points="591,840 725,842 860,843 995,843 1129,843 1264,845 1399,845 1533,845 1668,845 1803,845 1938,845 2072,845 2207,845 2342,845 2476,845 2611,845 2746,845 2880,845 3015,846 3150,846 3285,848"/>
                <TextEquiv>
                    <Unicode>überhaupt nicht. Heute Nachmittag kommt Gisela B. und morgen Mittag</Unicode>
                </TextEquiv>
            </TextLine>
            <TextLine id="r1l5" custom="readingOrder {index:4;}">
                <Coords points="583,983 3373,996 3279,894 583,892"/>
                <Baseline points="600,972 737,972 875,974 1012,974 1150,975 1288,975 1425,975 1563,975 1701,975 1838,975 1976,975 2114,975 2251,975 2389,975 2527,975 2664,975 2802,975 2940,975 3077,975 3215,977 3353,977"/>
                <TextEquiv>
                    <Unicode>kommt Frieda von Dir aus zu Tisch zu mir herüber.- Jetzt bin ich aber</Unicode>
                </TextEquiv>
            </TextLine>
            <TextLine id="r1l6" custom="readingOrder {index:5;}">
                <Coords points="577,1107 3346,1116 3230,1022 578,1041"/>
                <Baseline points="597,1101 733,1103 870,1103 1006,1104 1143,1104 1279,1104 1416,1106 1552,1106 1689,1106 1825,1106 1962,1106 2098,1106 2235,1106 2371,1106 2508,1107 2644,1107 2781,1107 2917,1107 3054,1109 3190,1109 3327,1109"/>
                <TextEquiv>
                    <Unicode>in meinem Bett schon ganz krumm und müde vom Schreiben geworden. Ich</Unicode>
                </TextEquiv>
            </TextLine>
            <TextLine id="r1l7" custom="readingOrder {index:6;}">
                <Coords points="571,1258 3365,1244 3184,1153 571,1164"/>
                <Baseline points="588,1230 725,1232 863,1233 1001,1233 1139,1235 1277,1235 1415,1236 1552,1236 1690,1236 1828,1236 1966,1236 2104,1236 2242,1236 2380,1236 2517,1236 2655,1236 2793,1236 2931,1236 3069,1236 3207,1236 3345,1238"/>
                <TextEquiv>
                    <Unicode>hoffe, Du hattest eine sehr gute Fahrt und fühlst Dich dort sehr wohl.</Unicode>
                </TextEquiv>
            </TextLine>
            <TextLine id="r1l8" custom="readingOrder {index:7;}">
                <Coords points="565,1368 2750,1446 3501,1365 2580,1261 566,1273"/>
                <Baseline points="584,1364 728,1364 873,1364 1018,1364 1163,1365 1308,1365 1453,1365 1598,1367 1743,1367 1888,1367 2033,1368 2177,1368 2322,1368 2467,1370 2612,1370 2757,1370 2902,1370 3047,1370 3192,1370 3337,1370 3482,1370"/>
                <TextEquiv>
                    <Unicode>Morgen höre ich wohl telefonisch oder brieflich von Dir. Alles Herzliche</Unicode>
                </TextEquiv>
            </TextLine>
            <TextLine id="r1l9" custom="readingOrder {index:8;}">
                <Coords points="566,1517 1051,1545 1265,1495 1638,1533 1805,1512 1805,1396 1621,1395 1526,1449 1407,1405 1095,1433 983,1389 870,1435 566,1438"/>
                <Baseline points="585,1491 645,1493 705,1493 765,1494 825,1494 885,1496 945,1496 1006,1496 1066,1497 1126,1497 1186,1497 1246,1497 1306,1497 1366,1497 1427,1497 1487,1497 1547,1497 1607,1497 1667,1498 1727,1499 1788,1499"/>
                <TextEquiv>
                    <Unicode>und einen Kuss von Deiner C.K.</Unicode>
                </TextEquiv>
            </TextLine>
            <TextLine id="r1l10" custom="readingOrder {index:9;}">
                <Coords points="3429,266 3462,258 3484,264 3491,257 3552,262 3578,254 3574,110 3523,122 3505,111 3490,112 3444,149 3426,150"/>
                <Baseline points="3447,218 3474,212 3502,211 3530,213 3558,212"/>
                <TextEquiv>
                    <Unicode>112</Unicode>
                </TextEquiv>
            </TextLine>
            <TextEquiv>
                <Unicode>








</Unicode>
            </TextEquiv>
        </TextRegion>
    </Page>
</PcGts>
