3770 4694
2975 277 3233 423 Bl. 2.
2338 284 2818 473 28.8.1928.
669 497 3494 646 arbeiten; - und ich weiss auch, was mir das Schicksal gelassen hat (mein
625 642 3327 769 Liebes, ich fühl es sogar stärker als je); aber was geschehen ist -
629 768 3479 898 ja und auch was sie mir getan hat und nicht mir allein, das empfind ich
633 874 3433 1045 mit jedem Tag, mit jeder Stunde schwerer; -weil ich es immer klarer en-
628 1032 3468 1152 pfinde.- Wie ich Dir schon geschrieben habe dürfte Dora (mit Gatten und
612 1173 3387 1289 Sohn) schon am 31. oder 1. hier ankommen; -zugleich mit ihnen alle vom
626 1287 3480 1419 Karersee, möglicherweise Frau Dita Schneider und Dr.Billiter. O. dürfte
626 1413 3455 1562 mit Michaelis direkt nach Berlin; ich eventuell mit Frau Schneider und
628 1520 3570 1671 Billiter nach Wien fahren; so dass ich zwischen 4. und 6. wohl zuhause seines
627 1690 3529 1806 werde. Ich hoffe, mein Liebstes, Du wirst Dich auch für mich einigermassen
674 1824 3380 1941 erholt haben; - mir scheint es nach Deinen Briefen, dass trotz mancher
620 1928 3372 2053 Misslichkeiten die Semmeringer Tage Dir seelisch und körperlich sehr
637 2055 3473 2189 förderlich gewesen sind und egoistisch wie ich bin hoff ich auch,
638 2185 2036 2343 davon meinen Vorteil zu h
630 2344 3434 2454 Was mir von Briefen aus Wien nachgesandt wurde, hat den alten Ton; -man
629 2454 3393 2620 könnte über S.F. z.B. lachen, wenn es nicht so kläglich wäre. Und nir-
625 2595 3421 2755 gendwo etwas positives.- Mit Deiner Mahnung wegen der Oberstabsarzt-
615 2738 3357 2883 Novelle hast Du gewiss recht. Aber ich will nicht leugnen, dass rein
629 2887 3342 3049 praktische Erwägungen mir die Vollendung jener angefangenen Sachen
629 2967 1907 3116 fast zu Notwendigkeit machen.-
615 3123 3430 3268 Bitte noch hieher schreiben. Im Zusammenhang mit Dir wag ich das Wort
624 3250 3409 3368 zum ersten Mal wieder niederzuschreiben: ich freu mich auf unser Wie-
733 3369 2745 3520 dersehen. Ich umarme Dich von ganzem Herzen. Dein
2759 3493 2882 3628 A.
1676 3588 1946 3778 ----
3486 119 3614 261 131
3585 116 3685 332 21
