3771 4654
742 233 1347 395 Tgb. 1.4.1931.
680 400 3182 573 1.4. Carry Früh 37.6., Mittag 38.7, später mehr.Abend Erbrachen
706 559 2271 724 Bei A. mit Beer-Hofmanns genachtmahlt.
709 671 3433 827 2.4. Carry Früh 36.7.Mittag 37.5, entschiedene Besserung. Abend mit
728 830 3572 965 A. bei "Ariane" mit der Bergner, fabelhaft, dann seit Wochen zum ersten
705 947 3482 1130 Mahl Weissen Hahn genachtmahlt. Vormittag in der Stadt Begegnung mit
713 1098 2302 1242 Globuznik, derEnkayer war doch von ihm!
704 1210 3450 1382 3.4. Carry 36.7, später 36.4,Nachm. 37.6. Ich wage es nicht, aufzuat-
714 1352 3276 1493 men, -ich bin verschreckt und müde. A. gegen Abend kurz bei mir.
704 1494 3551 1625 Karsamsteg 4.4. carry Früh wiederfieberfrei. Vormittag Frieda bei mir,
708 1632 3408 1768 ehe sie zu A. geht. Ich war heiterer als seit langer Zeit. Vor dem
754 1748 3443 1885 Fortgehen sagte sie: "Letzthin war ich wieder ganz unglücklichüber
721 1884 3487 2072 den Herrn Doktor, er hat gesagt, wie vereinwamt er sich fühlt,wie ver-
741 2002 3406 2186 ödet, dass er niemand zugehörig ist, ganz entwurzelt etc." Ich nahm
720 2137 3525 2291 sie bei den Schultern, sah ihr in die Augen und frug: "Warum sagen Sie
714 2266 3551 2418 mir das?" - Sie war sofort beleidigt: "Ja, wenn Sie wollen kann man auch
721 2411 3406 2513 nur conversation machen, über Wetter reden - man woll eben nicht so
717 2517 3354 2682 viel reden, nicht aufrichtig sein (wär'sie's nur!)."-Es ist nicht
704 2691 3467 2833 das erste Mal, dass Sie Dinge sagen, die mich verletzen müssen. Gerade
700 2808 3410 2939 eine Zugehörigkeit zu mir hat A. wiederholt betont. - Sie: "Ja, das
707 2938 3488 3068 glaub ich, so für den Alltag, aber in einem höheren Sinn fühlt er sich
706 3069 3378 3217 verödet, vereinwamt." Alles was sie sagt, war etwas herzlos, aber es
703 3204 3368 3315 ändert nichts daran, dass es mich tief gegen A. erbitterte. Warum
713 3316 3497 3443 äussert er sich gegen sie in dieser Weise? - Ich habe sie mit Liebens
713 3444 1589 3602 würdigkeit behandelt.
709 3551 2962 3760 Nachmittag bei Carry. Temp. 3 Uhr 37.2. Ich danke Gott.
716 3736 3560 3852 Ostersonntag. Gestern Abend in der Beckenbründlgasse am Weg ins Gürtel-
698 3845 3429 3979 Kino gestürzt. Fuss verletzt, ich glaube aus innerer Nervosität; mich
701 3974 3264 4117 noch mit A. ins Kino geschleppt, nachher verdammte Schmerzen. A.
710 4117 3491 4239 brachte mich nachhause. Ich verpiss meinen Schmerz, damit er nun fort-
713 4205 2474 4405 ging hochlaflose Nach u. Fure stark geschwollen
3602 71 3706 248 16
