3787 4730
2301 283 3108 469 2.5.1926. Bl.2.
901 490 3378 653 ur - es bestand überhaupt keine Möglichkeit in absehbarer Zeit
759 524 852 759 vos
2868 620 3251 702 directem/
875 649 3243 773 n hier nach Madeira zu gelangen; - gewiss nicht auf
785 811 3342 937 sondern gelegentlich über Lissabon. Es war also übernhauptkeine
772 919 3348 1037 Möglichkeit, den Norddeutschen Lloyd-Dampfer in Madeira zu erwi-
774 1041 3337 1189 schen, abgesehen davon, dass der uns die Plätze nach Bremen erst
779 1178 3498 1298 von Lissabon an reserviert hätte! - So nehmen wir morgen ein Schiff
765 1324 3417 1473 der Adolf Woermann-Linie (Antonio Delfino) - das glücklicherweise
773 1432 3325 1579 (zum ersten Mal!) hier anlegt - das uns aufnimmt, - ohne dass das
769 1571 3360 1718 Bureau hier uns schon bestimmte Plätze garantieren kann, denn das
767 1703 3337 1840 Schiff kommt (angeblich) überfüllt aus Südamerika - in Lassabon
763 1821 3500 1984 aber dürfte es leerer werden. In Lissabon sind wir am 6., in Vigo am
765 1953 3427 2091 7.; in Koulogne am 9. -Hoffentlich ist mein Telegramm an die Kolap
757 2082 3448 2281 unverstümmelt angelangt und ich habe in einigen dieser Hafenuester
2529 2188 2579 2259 les
767 2225 3282 2358 Nachrichten von Dir - die erste und zugleich hab ich, wie Du ja
748 2349 3202 2486 weisst, in Lissabon erhalten, - sie stammt vom 19. April,fast 14
743 2477 3432 2618 Tage. Ich habe überhaupt keine, die späteren Datums ist. Die letzte
746 2589 3398 2757 deutsche Zeitung, die ich sah, ist vom 22., die letzte englische vom
755 2740 3355 2874 23. April- Wiener Zeitung sah ich nicht seit Wien; - doch, -eine in
740 2873 3233 3034 Neapel (ich entbehre sie nicht). Man ist hier fast weiter von
741 3002 3390 3191 Europa als in Amerika. Auf den Schiffen gab es täglich Radiotele-
729 3144 3394 3313 gramme politischen Inhalts; - Wien war nicht vorhanden; - übrigens
736 3273 3293 3426 was weiss man hier von Wien. Der Friseur (aus Buenos Aires) hat
731 3401 3333 3559 z.B. keine Ahnung von der Existenz dieser Stadt - und war höchst
733 3522 3410 3653 erstaunt, als ich ihm eröffnete, dass es eine Stadt von zwei Millio-
723 3651 3244 3800 nen Einwohnern sei; die Hauptstadt von Oesterreich (von dessen
2153 3765 2843 3848 bis ich ihm durch
712 3773 3444 3914 Existenz er auch nichts wusstechen xxx xxx Erwähnung der
718 3885 2710 4034 Czechoslowakei einen Begriff zu geben vermochte).
762 4055 3282 4218 - Gestern fuhren wir mit dem Auto nach "Monte", dem Höhenort der
703 4178 3337 4378 Insel (eine Stunde etwa,- am zerklüfteten Strand zuerst, dann eine
3543 91 3672 278 280
