3690 4687
2988 418 3345 551 26.4.26.
584 567 3398 789 fort und ich bin ganz allein. Ich geniesse das mehr. meine Schwester
582 734 3269 885 ist der beste Mensch der Welt, aber mein Nervenzustand verträgt xxx
584 873 3470 1041 die Ueberspanntheit, das Abnormale nicht gut. Dabei bin ich unausgesetzt
591 1019 3437 1146 von einem tiefen mitleid für sie erfüllt, denn ihr Leben und besonders
587 1152 3337 1277 diese Kinder sind so schwierig und sie ihnen so gar nicht gewachsen.
568 1281 3316 1381 Aber das ist zu uninteressant für Dich. Gestern Vormittag zwang sie
1005 1350 1294 1444 grosses
578 1392 3392 1577 mich in ein religiöses Gespräch, obwohl ich sie bat mich davon zu dis-
550 1519 3453 1683 pensieren, da ich meine Unduldsamkeit in diesen Dingen gerne zugebe.
568 1663 3353 1845 Als sie aber darauf bestand sagte ich ihr unter anderm, dass der Be-
547 1797 3468 1965 griff Gott etwas viel zu Groszes für mich bedeutet, als dass ich an eine
573 1934 3376 2054 Vermittlung durch Kreuze, xxx Kniefälle und Rosenkränze glauben könn-
609 2049 3329 2199 te. Sie warf mir vor, dass ich Gott zu wenig ausserhalb mir aucheund
555 2166 3452 2325 mir die "göttliche Gnade" nichts bedeutet. Ich frugsie, was sie darunter
579 2318 3408 2486 verstehe. "Von der Welt erlöst sein", erklärte sie. Ich antwortetscher
575 2448 3371 2572 grob. Dazu müsse man sich aufhängen oder erschiessen, dann sei man von
562 2571 3477 2743 der Welt erlöst. Für mich heisst beten - gute und schöne Gedanken haben,
570 2697 3337 2858 die Empfindungen, die Natur, Musik und jede Kunst in einem höhern Sinn
574 2849 3308 2991 in mir auslösen, alle guten Gefühle, die mich über den Alltag erheben,
570 2975 3276 3124 zeigen mir Wege zu Gott oder vielleicht richtiger zu Göttlichem und
531 3102 3287 3269 sind Gebete.- Da ich weder die Absicht habe Dir philosophische noch
548 3217 3344 3393 literarische Briefe zu schreiben, sondern nur, was mir gerade einfällt,
562 3372 3290 3506 will ich diese Debatten in ihrer ganzen Ausdehnung, die ja doch einen
549 3488 2793 3616 kreisförmigen Charakter hatten, nicht weiter referieren.
943 3608 3353 3785 Am 24. solltest Du in Lissabon sein und jetzt ist noch kein
544 3726 3470 3890 Telegramm da, sonst hätte mir Cary, wie verabredet, heute Früh heraustele -
550 3901 3350 4058 foniert.- Jetzt werde ich die Augen schliessen und mich von der Sonne
539 3989 1547 4153 bescheinen lassen. - - -
3463 105 3623 283 287
