3674 4687
2259 218 2955 405 Wien, 29.12.1929.
635 256 1308 396 An A.S., Berlin.
651 477 1080 668 Liebster,
1194 636 3401 787 ich danke Dir sehr für Deinen Anruf heute Früh, ich war
672 764 3232 894 schon wenigstens zehn Minuten wach, lag aber noch im Dunkeln und
676 904 3484 1030 hatte gar keine Lust auf das "Gespenst" zu läuten, das mir täglich un-
681 1031 3280 1143 angenehmer wird. Gestern hatte ich sehr viel mit dem Familientee
677 1176 3388 1313 am Nachmittag zu tun, da ich mir alles selber machen musste, auch die
674 1287 3281 1476 Sandwiches, die herrlich ausgefallen sind. Das Gespenst war schon
676 1428 3394 1566 von der Nusstorte ganz erschöpft und konnte weder Tisch decken noch
669 1578 3585 1697 servieren. Es hat aber auch so alles geklappt und die Stimmung war recht
669 1710 3388 1845 gemütlich. Hans Porges hat mir übrigens am Radio eine Erdleitung ge-
668 1816 2350 1968 macht, so dass man jetzt viel besser hört.
1178 1924 3191 2106 Heute Vormittag telefonierte mir Bertha Z.,es sei
669 2068 3423 2237 morgen Vormittag Generalprobe von "Wiegenlied" und so besprachen wir
674 2224 3349 2340 meinen Besuch für heute Vormittag. Ich war um 3/4 12 dort, brachte
654 2338 3351 2507 ihr eine Kopie meines Briefes an Benedikt und den Artikel gegen die
715 2491 3383 2621 Generalproben, den ich ihr vorlas. Sie fand ihn ausgezeichnet und,
659 2632 3417 2746 obwohl sie (natürlich) eigentlich für die öffentlichen Generalproben
674 2743 3335 2877 ist, meinte sie, der Artikel sei so gut und interessant, dass man ihn
650 2843 3383 2984 wohl veröffentlichen sollte. Sie will mit Ullman von der Allgemei-
672 2987 3354 3134 nen, eventuell mit Echeyer sprechen. Sie meint, ich könnte doch auch
669 3113 3340 3266 mit Benedikt sprechen und, wenn ich mich auch zu dem Artikel beken-
672 3248 3383 3413 ne und jeder wissen wird, dass er von mir ist, doch mit einem Pseudo-
658 3394 3427 3521 nym unterzeichnen sollte. Ich sagte ihr, dass ich gar keine Eitelkeit
704 3491 3462 3681 innder Richtung habe, aber Anonymität mir als Feigheit verscheint.
665 3636 3344 3764 Im übrigen fand sie, ich sollte mehr dergleichen schreiben, wenn man
677 3774 3381 3926 so schreiben kann, sei es schade, es nicht zu verwerten. Ich kann ihr
665 3933 3380 4101 nicht plausibel machen, wie das bei mir ist, sie würde mich kaum ver-
665 4044 3391 4213 stehen. Sie war übrigens sehr nett, gab mir lachend zu verstehen, dass
