3786 4667
705 2426 764 2578 d
2165 221 3026 419 Marienbad,19.9.1929.
1399 438 3311 651 Herrn Dienstagkeit gegangen werden wurde. - Auch der Ex-
1385 594 3344 747 Sie ist, wenn auch nicht gelangt, eine Deutatigung fehlt
683 713 3295 890 noch, - nur Deine ungnädige Karte ist da, - zu der meines Erachtens
1397 841 3437 1014 wurde wurde aufgeführt werden. Denn auch nach in Franzens-
775 1003 3514 1170 ad; es präsentierte sich diewmal gefälliger; der Park lag in wunder-
736 1108 3436 1296 baren blassen Herbstglanz da und die Gepflegtheit der Anlagen,so-
701 1276 3477 1422 wie auch ihre Bequemlichkeit gibt dem ganzen Ort eine gewisse eigen-
698 1364 3319 1539 tümliche, etwas melancholische Anmut; aber jenseits der
753 1525 3525 1656 Grenzen wird aus der Melancholie eine auch im landwchaftlichen Sinne
699 1616 3324 1832 provinzielle Traurigkeit. Ich fuhr mit der Bahn hin und um 5 Uhr
705 1795 3448 1927 ebenso wieder zurück. Das Befinden O.'s bezsert sich zusehends. Ich
748 1900 3359 2065 will nicht noch einmal die Eisenbahnfahrt xxx xxx hin und
718 2063 3393 2198 her machen, sondern fahre Sonntag Früh hinüber, bleib bis Montag
744 2188 3433 2333 Früh und Montag direct mit dem Bäderzug nach Wien. Entwe-
718 2304 3533 2464 der Sonntag hier in Marienbad oder Sonstag in Franzensbad kommt Feher,
764 2436 3456 2583 er mich heut Früh aus Berlin antelefoniert hat - mit den ich schon
724 2563 3480 2696 heuer im Sommer wegen Spiel im Morgengrauen verhandelt habe.- es sei
762 2688 3408 2820 nun sehr ernst - Emelka - er bringe den Vertrag - und gleich eine
711 2851 3365 2996 Anzahlung mit. Ich lehnte vorläufig jede Verbindlichkeit und Ver-
723 2972 3533 3086 pflichtung ab; - aber da doch wohl endlich irgend etwas kommen muss,-
1760 3062 1840 3153 des
708 3084 2021 3266 warum sollte es das nicht sein?
731 3183 3419 3357 - Hier benehm ich mich indes curgastlich - trinke nicht nur Kreuz-
712 3363 3526 3506 brunnen und nehme kohlensaure Bäder, sondern habe sogar (wegen "Anwei-
713 3473 3557 3616 sungen") den Dr. Kirch (Richard und Paulan Arzt) braucht. Sympathisch,
712 3583 3400 3744 klug - bei dieser Gelegenheit wurde auch zum ersten Mal mein Blut-
719 3742 3525 3860 druck gemessen und, mein Herz und Gefässe überhaupt normal befun-
726 3897 936 4010 den.
762 4012 3415 4191 Gestern Abend war ich wieder mit Richard und Paula im Kino, einem
715 4130 3433 4315 offenbar alten, besonders idiotischen Film "Jahrmarkt des Lebens"; -
3539 77 3694 294 mittag
