3746 4670
2110 238 3007 416 Karlsbad,Haus Orborn,
2266 368 2725 493 25.7.1930.
645 441 3228 611 Mein liebes Kind. Ich habe eben den "Zug der Schatten" nochmals
771 600 3484 756 gelesen und bleibe im wesentlichen bei allem, was ich schon schrieb.
765 746 3445 883 einzigen wirklichen Fehler sehe ich in dem Kaffeehausbild. Es ist
618 828 3382 1012 unmöglich, dass Richard auf S.76 sagt: "Ich fühle, -ich fürhle, dass ich
605 1015 3401 1128 Franzi liebe und auf S.80 schon emsig an dem Abschiedsbrief schreibt,
618 1102 3387 1283 zu dem er sich offenbar schon auf S.77 beimkellner Papier und
612 1262 3505 1384 Tinte bestellt, und ohne, dass der gewisse Tropfen gefallen wäre, der den
621 1387 3410 1551 Krug übergehen lässt und entschlussfähig macht. Richard müsste hinter
629 1525 3443 1683 seiner Zeitung auf das Wort lauern, ein solches Wort muss fallen,viel-
593 1645 3516 1781 leicht durch Dregulein auf S.80 nach den Worten: "Man kann nie wissen" --
625 1807 3402 1940 Lann erst verlangt Richard vom Kellner Briefpapier und wirft wie ein
663 1899 3466 2059 Wahnsinniger, aber nicht emsig ein paar Zeilen hin, die sicher stärker
612 2077 1983 2206 ein können als ein langer Brief.
633 2167 3479 2336 Im übrigen finde ich das Bild, wie ich schon schrieb, ganz ausgezeichnet
624 2302 2176 2480 und alle Bilder bis auf den Logengang.
3142 2374 3297 2475 aus
631 2421 3308 2597 Hier würde ich nach Berns Worten zur Roveda:“ -- von meiner Loge
666 2588 3451 2709 Helene die Logentür öffnen,- heraussehen und wieder verschwinden las-
626 2716 3469 2846 sen, worauf die Roveda spöttisch sagt: „Ei sieh doch, man ist wohl eifer-
634 2813 3426 2968 süchtig -- nun geh nur zu deinem Bräutchen". Sie könnte vielleicht noch
629 2959 3321 3120 hinzufügen, dass Menschen mit moralischem Bedenken eben kein Talent
622 3081 3324 3217 haben Stücke zu schreiben und wie im Widerspruch dazu, kommt gerade
622 3218 3443 3390 Richard die Stufen herauf: "Ah, Herr Bern, ich gratuliere, das wird ein
672 3343 3471 3487 grosser Erfolg." Die Roveda verschwindet in ihme Loge. Hier sind Stri-
624 3501 3310 3610 che unbedingt nötig. Dagegen würde ich das Gespräch zwischen Fricke
640 3621 3382 3779 und Helene S.255 (auch im Logengang) durch einige bedeutsame Sätze
619 3751 1730 3904 über das Stück bereichern.
1724 3789 1926 3921 Frau
639 3860 3474 4004 Auf S. 257 wollte Fricke zu "Veith sagen: "Nun wird ja wohl alles gut".
631 4011 3120 4140 Niemand sollte die Verlobung noch als ganz sicher betrachten.
641 4148 3373 4272 Nun zum letzten Bild. Ludwig sollte unbedingt nach dem Gespräch mit
3551 91 3677 265 58
