3771 4634
551 296 1179 451 T gb. 1.6.1930.
564 439 3271 595 gerade in den Feiertagen allein lässt etc. Das ist nicht Güte. Man
574 540 3296 684 scheint viel darüber zu sprechen, was für ein Trottel ich bin.-Gott,
589 690 2532 851 wenn die Menschen in mich hineinschauen könnten!
581 874 3429 1019 Anruf A. Er kommt erst nächste Woche zurück. Ich antworte: "Ja, ja, bleib
574 1022 3343 1153 nur weiter dort. Lass es dir herrlich ergehen!“ Er läutet erzürnt ab.
593 1232 3510 1386 Tiefe Verstimmung. Brief von A. Er fühlt sich dort wohl etc.-es wird mir
582 1337 3441 1479 dadurch nichts fort genommen. Es kommt mir vor, als sagte man zu jeman-
570 1478 2877 1655 dem, dem das Haus abbrennt, man wird ihn nicht delogieren.
585 1606 3069 1859 7.1. Bei Salten. Wegen eines Artikel über die Generalproben.
595 1835 3512 2025 10.1. Von A. nicht ein Wort. Ich kann über meine innere Verfassung nicht
578 1985 1944 2150 reden. Heute Abend Pen-Klub-Ball.
590 2077 3337 2272 Wenn A. wüsste, wie hässlich er sich gegen mich benimmt. Dass er dort
584 2253 3364 2390 bleibt wäre ja so belanglos, wenn gute herzliche Briefe von ihm kämen.
568 2366 3341 2529 P en-Klub-Ball. Zufällig herry in der Garderobe getroffen, so dass ich
585 2510 3390 2642 nicht allein den Saal betrete. Gisela Berger winkt mir auf die Estra-
620 2665 3526 2809 de. Eine Menge Leute werden mir vorgestellt. Gewinn des Abends: Wieder-
591 2784 3421 2897 sehen mit Sektionschef Huber (Präsident des Volkstheatervereienes), der
584 2931 3371 3032 mir sympathisch ist; paar Worte mit Fülöp-Miller (Rasputin und Jesui-
586 3037 3372 3150 ten-Buch), der sich freut mir endlich zu begegnen. Anstrudelungen ver-
580 3172 3407 3281 schiedener Personen. Kurze Gespräche Trebitsch, Salten, Jeremias Kreutz,
578 3296 2990 3429 Carly Günste. Schliesslich Egon und dann Flucht nach Hause.
578 3452 3289 3657 12.1. Belangloser Anruf von A. Er kommt erst Mittwoch den 15. Kein
578 3623 3387 3793 Wort über Sehnsucht oder Freude mich wiederzusehen. Ich schreib nicht
576 3781 825 3895 mehr.
558 3854 3017 4014 Nachm. Besuch von Max Leitner. Netter Mensch aber etwas fad.
573 4073 3436 4246 13.1. Mein alter Freund Globuznik den ganzen Nachmittag bei mir. Wirk¬
3601 79 3666 198 22
