3686 4683
579 359 1635 465 An A.S.an Bord der Stella
2059 346 2790 492 Wien, 16. April 192
544 424 1707 528 d’Italia (2.mittelmeerreise
517 488 1860 627 m it Lili und Arnoldo Cappellini)
560 671 977 815 Liebster,
949 815 3331 957 das bischen Sonnenschein am Vormittag ist schon wieder vor-
541 939 3275 1081 bei. Am Nachmittag war ein schrecklicher Sturm, Regengüsse und jetzt
547 1100 3386 1241 sind wieder nur 5 Grad über Null. Frühling! Ich glaube, er ist geradeso
551 1216 1909 1358 herabgekommen wie die Liebe - - -
941 1290 3316 1451 Ich habe die BerthaZ, also besucht. Sieliegt noch am Divan
559 1497 3279 1600 und sieht nicht gut aus, ist aber sehr munter. Ich brachte ihr Rosen
537 1585 3274 1712 und drei Novellen von mir. Sie war riesig liebevoll, sprach viel und
556 1729 2782 1866 gut von Dir und das Uebrige behalt ich lieber für mich.
945 1864 3306 1983 Heute hatte ich auch ein langes Gespräch mit F.S., der auch
577 1984 3339 2100 esonders herzlich war. Er fährt übermorgen via Berlin nach Chem-
587 2131 3221 2232 nitz. Er meinte, man könne sich doch im Frühjahr einmal am Cohenzl
555 2259 3257 2378 oder sonstwo treffen, ich sei seiner Frau besonders sympathisch etc.
550 2387 3362 2540 Er frug, wann Dein Roman erscheint, er hat ihn noch nicht bekommen. Ich
520 2530 3126 2640 antwortete, ich glaube, er erscheine am 19. und er sei wundervoll.
534 2640 3296 2751 F.S.: "Davon bin ich überzeugt und ich freue mich schon sehr darauf.
540 2767 3349 2915 Warum ist er nicht vorher in Zeitungen abgedruckt worden, es wäre doch
549 2922 3301 3029 materiell gut gewesen?" Ich darauf: "Es ist kein Zeitungsroman - eine
537 3036 3331 3161 Art Chronik, ganz ungeeignet für Fortsetzungen. Er frug noch, wie lange
546 3154 3258 3290 Du ausbleibst und dass er hofft, dass Dir die Reise gut tun wirdete.
534 3318 3403 3437 Er erbat sich den "Aufstieg" als Reiselektüre und schien überhaupt sehr
532 3445 3336 3590 hilfsbereit. Ich bat ihn um gar nichts, war aber sehr nett. Er meinte,
546 3566 3284 3677 ich hätte von vornherein unter einem anderen Namen schreiben sollen,
568 3670 3405 3846 Pollaczek klinge für das Ausland prononziert, worauf ich ihm erklärte,
572 3833 3366 3953 dass gerade Pollaczek gar nicht pronenziert sei, dass es ebenso viele,
610 3946 3372 4097 wenn nicht mehr arische Pollaczeks gäbe und dass ich nie unter einem
529 4076 3369 4202 andern Namen schreiben würde, da ich gern das bleibe, was ich nun einmal
529 4179 3383 4301 bin. Er gab mir dann noch verschiedene Ratschläge für deutsche Zeitun-
532 4342 732 4485 gen.
