3759 4707
2196 355 2958 498 Berlin, 25.12.1926.
2244 512 2927 658 Hotel Esplanade.
2242 618 2732 772 nach Wien)
755 760 3410 878 Mein Liebes, Berlin selbst nicht - aber solch ein Esplanadenhotel-
759 919 3362 1025 zimmer kann mit der Zeit, auch wenn es immer ein anderes ist, eine
744 1044 3380 1140 Art Heimat werden - und so täuschen Wiederholungen einer Situa-
763 1144 3243 1300 tion innerhalb der gleichen oder ähnlichen Decoration ein "Zu
748 1286 3418 1426 Hause" vor, das wahrscheinlich immer ein Suggestiveffekt und keine
748 1391 3274 1577 Realität ist. Immerhin - es ist wieder sehr behaglich hier und
749 1558 3402 1682 ich habe fast sieben Stunden in einem Zug (gestern gleichfalls in
746 1694 3329 1804 einem Zug), aber nicht in einem Z ug) geschlafen. Die Reise war im
760 1823 3356 1942 übrigen erträglich; Eintreffen in Berlin erfolgte mit fast zwei-
744 1953 3440 2092 stündiger Verspätung. Heller kalter Wintertag, Heini an der Bahn -
758 2097 3244 2196 er liess mich bald allein; - auspacken,ruhn, telefoniren -Heini
749 2217 3305 2319 kam zurück; wir essen miteinander. Wir haben begreiflicherweise
739 2340 3355 2477 viel einander zu erzählen, wobei wir uns begreiflicherweise eines
739 2444 3232 2605 Sinnes finden. - Von Dora wie üblich Blumen und Obst; dazu ein
737 2569 3393 2744 Buch - Ewiges Antlitz - eine Sammlung von Totenmasken -
740 2705 3303 2849 ein erläuternder Text (den Tod zu erlautern!),das gleiche Buch
738 2870 3308 2992 von Heini: - ich lehne bei de ab und lasse mir was lebendigeres
744 2983 3307 3138 schenken. - Um vier begab ich mich auf die Strasse undbummle al-
764 3103 3376 3244 lein fast zwei Stunden durch die "weihnachtlich belebten" Stras-
731 3240 3294 3387 sen.-Nach Hause; recht müde, lese; um 8 Heini, mit ihm in der Es-
724 3389 3296 3494 planade-Bar genachtmahlt; er geht um all,ich bleibe (trotz Ein-
728 3492 3248 3646 ladung von Lucy und von Dora) allein zu Hause; - bade, sinke ins
716 3625 3249 3791 Bett und schlafe ohne Lektüre und Pyramidon sofort ein. Aufge-
722 3774 3378 3898 wacht mit etwas Kopfschmerzen. Telefonische Gespräche Heini, Paul,
708 3901 3243 4019 Braun (Marionettentheater). Koarer Wintertag. Programm:
726 4033 3241 4154 Zum Theil zu Fuss nach Grunewald zu Dora. Mittagessen im Hotel
718 4165 3381 4303 mit Heini, Paul Marx; Nachmittag Arbeit; Abends Sie Schwestern von
3494 118 3636 261 355
