3771 4694
449 418 3470 576 Alters sein. Aber ich fühle wie ich immer müder und trostloser werde. Mir
471 520 1459 650 graut vor diesem Winter.
595 615 725 705 31ten
456 610 2113 838 Und jetzt ist wieder die Katastrophe da.
460 792 3586 967 Ich war heute Vormittag von grosser Herzlichkeit zu A. . Gieng in sein Zimmer
458 939 3578 1077 setzte mich auf seine Kniee, Kälte und Gleichgiltigkeit antwortete mir. Ich
451 1070 3582 1206 vermuthe er hat Brief von O. sage aber kein Wort. Ich gehe in mein Zimmer u.
442 1180 3593 1338 arbeite da ich mich nicht wol fühle und nicht baden gehe. Er kommet nach dem
451 1261 3569 1467 Bad im Bademantel herein legt sich auf den Divan und dann sagt er plötzlich:
440 1451 3595 1619 Was tust du wenn die O. zufällig in selben Schlafwagen mit die nach W. fährt.-
419 1579 3598 1753 Ich werde sie höflich grüssen und sie nicht weiter beachten. Er darauf: Viel-
448 1725 3464 1870 leicht werdet ihr mit einander reden. ich meinte dass ich das für ziemlich
442 1792 3612 1981 ausgeschlossen halte da wir uns doch garnichts zu sagen haben und wie ich wei¬
440 1951 3654 2149 ter zu ihr stehen werde hienge wol davon ab, wie sie sich in diesem Winter ver
440 2090 3370 2267 halten werde, da sie doch wie er mir mitteilte, wegen einer Geschäfts-
441 2234 3614 2408 Vebindung mit Frau Schneider (Antiquitätenhandel ) lange in Wien aufzuhalten
439 2364 3616 2552 gedenke. Darauf legte er los: ich müsse Venunft annehmen, er lasse sich in
440 2492 3597 2664 seinen Verkehr mit O. nichts dreinreden, er müsse frei sein zu tun was ihm bei
437 2603 3553 2794 beliebe etc. Resultat gegenseitige maaslose Erbitterung. Ich habe ihn erklärt
438 2758 3565 2942 dass ich nie nie meine Einstellung ändern werde es wäre eine Verleugnung mei¬
432 2897 3600 3062 nes ganzen Wesens. Seine Beziehung zu dieser Frau sei nicht aus Gehässigkeit,
421 2984 3545 3182 Gleichgiltigkeit sondern eine Art Herzensschlamperei geworden, die er selbst
412 3135 3555 3336 in seinen Werken verdammt. Das ist eine Luft in der ich nicht zu athmen ver¬
425 3220 619 3413 mag.
428 3397 3472 3563 Ich wünschte ich wäre schon zu Hause in meinen vier Wänden. Das ist nun die
416 3512 2996 3684 Reise, - das Zusammensein das man sich so schwer erkauft hat -
412 3632 3351 3807 Nein ich täusche mich nicht mehr. Seine Zurückhaltung, sein Einschnappen
412 3778 3416 3925 nach jeder leidenschaftlichen Stunde ist ein sich bewahren sich Zurückneh¬
419 3918 3468 4073 men für andere Möglichkeiten -- Er ni mit meiner Liebe jede Nahrung jede Ent¬
406 4020 3022 4218 faltungsmöglichkeit und dann fragt er - warum bist du düster.?
392 4179 3431 4340 Was habe ich ihm nicht an Liebe an Zärtlichkeit an Geduld in diesen Jahren
