3726 4662
2020 287 2987 448 Celerina Cresta Palace,
2175 391 2587 605 9.8.1924.
2553 455 3204 608 (nach Selisberg)
494 566 3198 712 Liebste Clara Katharina, der gestrige Tag war Zuos gewidmet, und das
461 688 3384 832 Resultat ist, dass ich nicht dorthin übersiedle, sondern in Celerina blei-
468 810 3402 987 be. Die Landschaft ist hier unvergleichlich schöner, - das Hotel überhaupt
505 984 3361 1101 nicht zu vergleichen. Das Kurhaus Kastell xxx liegt, wie Du Dich ja er-
472 1073 3385 1215 innerst, hoch über der Bahn; auf sonniger Strasse wandelte ich mit Heini,
461 1220 3467 1361 der mich an der Station erwartete, fast eine halbe Stunde hinauf. Der Blick
463 1330 3402 1491 von oben, südlich von Celerina, sehr annutig, - das Terrain um das Hotel für
470 1487 3360 1644 Skiläufer einzig,- aber für sommerliche Wanderer weniger verlockend. Ein
507 1618 3221 1760 paar ebene Pfade,-nicht weit führend, -entweder muss man hinauf oder
457 1751 3459 1897 hinunter, ohne Wald. Die Zimmer alle ganz nett. - Das Lunch fand ich mässig-
460 1874 3227 2033 nachher sass ich in der Halle mit 0., den Kindern und Frau K., und
2358 1973 2754 2060 gebildete
453 2015 3313 2157 ihrer 14jährigen Tochter. Scheint eine sehr kluge Übergebildete Frau; -
996 2096 1204 2184 reger
452 2145 3372 2270 lebt in Köln; Verkehr mit Salzens und dem Heidelberger Universität-
434 2261 3425 2389 kreis scheint zu bestehen. Die Tochter vollkommen der Gegensatz zu Lili;
467 2381 3282 2549 und ich zweifle, dass sich die Töchter so gut verstehen werden wie die
486 2518 3350 2658 Mütter.- Die Kinder behagen sich sehr in Zuoz (wenn sie dort sind -und
462 2639 3352 2803 wie es scheint, noch mehr in St. Moritz); und Olga wird sich, da sie ohne-
492 2792 3278 2938 dies nicht viel gehn darf, (was ihrem Geschmack entgegenkommt) gewiss
498 2947 3422 3103 dort wohl fühlen. Für mich wäre es ehrlich nichts.- Nachmittag erschienen
488 3060 3460 3155 Marianne und Liedl aus Pontresina Hotel Enderlin, Mit Franz Mynssen mach-
463 3165 3368 3297 te ich kleine Spaziergänge in der nächsten Umgebung des Hotels; er fährt
448 3307 3349 3475 heute nach Braunwald im Glarus.- Um 6 zur Bahn mit Heini, Mynssen und den
450 3426 3355 3574 Damen P. Kaum waren wir unten brach ein Hagelschlag los.- Um ½8 war ich
457 3592 3366 3744 "dahein"; schleuderte mich in meinen etwas schäbig gewordenen Smoking;
490 3704 3403 3835 ass aber erst als die Andern schon fertig waren. Schloss dann mit dem Di-
497 3876 3421 4013 rektor ab, wie ich es gewünscht hatte: Pension; und jede Mahlzeit, die ich
449 3954 3471 4145 nicht im Hotel nehme, wird von der Pension abgezogen (so dass die Verpflich-
454 4111 3303 4244 tung des Lunchpackerls entfällt); - nach dem Essen prallte ich an Herrn
3477 104 3604 280 82
