3759 4667
989 318 2484 512 3. Brief mit den zwei Wiener Briefen.
1872 434 3490 579 Freitag, 7.8.1925. Abend. Karerpasshotel
1917 587 2912 760 (nach Riva,Palacehotel).
539 762 3405 867 Mein Liebes, am Nachmittag meines Abreisetages habe ich Dir den zweiten
506 857 3487 1012 Brief geschrieben; die darauf folgenden Stunden habe ich damit ausgefüllt
512 1005 3377 1106 allerlei Novellenpläne durchzulesen, von denen mich einige sehr angeregt
554 1135 3476 1269 haben. Fahrt auf die Bahn. Auf dem Perron stellte sich mir die Schwester
520 1237 3408 1382 des Regisseur Brahm vor, die Bekannte auf die Bahn gebracht hatte, darun-
514 1357 3432 1520 ter eine junge Dame, die ich offenbar kenne, ohne eine Ahnung zu haben, wer
507 1495 3454 1692 sie ist. Ebenso fuhr im Schlafwagen ein Ehepaar mit Kindern; -man begrüss-
552 1631 3406 1814 te mich sehr herzlich; - da ich mich gleichfalls absolut nicht besinnen
520 1750 3438 1890 konnte wer sie seien, vermied ich ein Gespräch. In Innichen Herr Steffe-
517 1917 3435 2072 nelli-, mit daschlechtem Gewissen; - er hatte eine mehntägige Tour übernom-
509 2022 3281 2182 men mit einer Dame, hatte berechnet heute in Bozen sein zu können, die
2913 2134 3013 2208 et
547 2186 3394 2294 Dame sei aber erkrankt, wodurch ein Tag verloren ging, - nun Station
509 2289 3524 2407 in Toblach, da sei er rasch herbeigefahren, um sich persönlich zu entschul-
551 2412 3349 2564 digen; - natürlich erkundigte er sich sofort nach Deinem Befinden und
551 2561 3353 2677 lässt sich Dir empfehlen. Frau L. hatte mir nach Wien geschrieben, sie
510 2672 3271 2807 würden in Bozen sein; - aber hätten wegen Gepäcks in ihrem Auto keinen
543 2841 3308 2970 Platz für mich; - sie waren alle Drei an der Bahn, wir assen im Laurin
548 2970 3302 3097 zusammen; - und sie nahmen mich doch im Auto mit mein Gepäck kan (erst
504 3098 3273 3242 heute Früh) mit der Post nach. Ankunft gegen 5 im Karerpaushotel, wie
543 3208 3394 3337 ich Dir auf einer Karte schon berichtete, bei Regen, nun drohend ein Ge-
504 3355 3225 3463 witter, das sich eine Stunde später entlud. Dein Brief war schon auf
498 3460 3223 3602 meinem Zimmer - ein sehr hübsches mit Balkon, gegen Süden. Ueber den
475 3600 3307 3734 Empfang ist nichts besonderes zu sagen; er war durchaus harmlos. Auch
502 3720 3353 3867 Frau Koppel und Tochter war zur Stelle. L.'s fuhren ins Kararsechotel-
505 3854 3416 3994 und kamen nach einer halben Stunde zurück, - da sie (trotz telegraphischer
474 3988 3348 4156 Bestellung) ihre Zimmer nicht bekamen. Sie wohnen daher auch im Karer-
510 4116 3473 4278 passhotel, - vorläufig zu Dritt in einem Zimmer. Das Hotel ist, wie Du daraus
3476 84 3647 252 186
