3771 4618
519 269 1164 424 Tgb. 29.5.1931.
496 462 3449 618 stuum neben jemand im Kino sitzen oder nachtaanlen zu dürfen, das sei doch
488 626 3495 737 zu wenig, um es lächelnd zu ertragen. Ich liess mich leider hinreissen, ihm
484 768 3544 877 die Szene wegen der Masseurin zu erzählen, d.h. er erpreuzte die Nennung des
480 871 3579 1063 Namens, indem er mir drohte, er werde A. fragen, warum und um wen ich ihm miss-
489 1005 751 1180 traue.
485 1060 3561 1262 Wenn er sich lieber anstatt sich so gegen mich zu benehmen um A. gesundheit-
472 1260 3448 1410 lich mehr bemühte. Er hat ihm eine Mischung von nigitalis und Diuretin ge-
483 1393 3405 1572 gegeben, ohne eine Diät zu verordnen. A. hat gestern Mittag Marillenknödel,
484 1546 3506 1687 zur Jause Annanaserdbeeren und zum Nachtmahl Gausl, Gurke und Bier genommen.
490 1671 3413 1834 Er leidet heute am Durchfall und sehr üblen Befinden. A.rief bei Dr.D.an,
472 1796 3533 1949 während ich bei ihm war (bei Dr.D.). D. verordnete Sistierung des Medikaments,
473 1946 1764 2088 bis der Darm sich beruhigt hat.
471 2046 3310 2198 29.5. Ich flehte D.heute telefonisch an sich mehr um A. zu kümmern.-Au
476 2179 3522 2350 Abend mit Beer-Hofmann und Direktor Geyer drüben zum Nachtmahl. A. sah elend
470 2355 3317 2466 aus. Am Heimweg bat ich Beer-Hofmann beim Direktor Geyer zu erreichen.
458 2448 3416 2608 dass Heini den Theodor in der "Liebelei" spielt, die zur Feier des 70.Ge-
471 2584 3428 2760 burtstags A.'s bei Reinhardt aufgeführt werden soll. Ich weiss es würde A.
466 2712 853 2834 freuen.-
462 2817 3435 2962 Cary und Magdi aus der Schweiz zurück, waren heute Nachmittag bei mir; sehr
468 2964 782 3126 herzig.
471 3076 3390 3273 30.5. Kurzes telefonisches Gespräch mit A., aus dem Uebelbefinden und Un-
474 3261 3432 3365 aufrichtigkeit spricht. Er bleibt Abend mit Heini allein zuhaus. Das sagt
453 3365 3427 3514 er mir schon dreimal und immer ist Heini dann im Theater und nicht zuhau-
456 3484 3436 3652 se gewesen. Auch ein guter Sohn! Ich glaube die Ruth hatte Recht, dass sie
462 3613 1673 3774 dieser Familie entflohen ist.
450 3765 3434 3869 Mittag meine Kinder, Cary, Magdi, Harry. Beide, Cary und Magdi sehen sehr gut
457 3908 3376 4078 aus, aber nicht so gut, als ich erhofft habe. Harry eigentlich an besten.
456 4034 3470 4221 Ich war schon drei Tage nicht in der Stadt, liege in der Sonne, um abzubren-
460 4163 3066 4318 nen, und nur, wenn mein Herz zu stark reagiert, gehe ich ins Haus.
