3677 4702
2652 468 3089 631 10.8.1925.
622 631 3363 771 ganz nervos und sein Atem auf meinen nackten Schultern (er sass hin-
592 768 3399 921 ter mir) war mir so lästig, wenn er sich vorneigte, um mit mir zu spre-
617 892 3470 1029 chen, dass ich plötzlich aufstand, erklärte, ich sei müde und trotz allen
607 1044 2725 1186 Protest mihh von Carli in mein Zimmer bringen liess.
1098 1158 3374 1295 Mit wem oder neben wem bist Du auf dem Spaziergang neu-
598 1269 3410 1443 lich gegangen? Hat auch Frau Liechtenstern nicht nach mir gefragt? Ich
614 1412 3372 1577 sehe Dich auf der grünen Wiese mit all den Leuten, um mit diesen drei
1232 1507 1582 1617 sicherlich
606 1557 3407 1690 Frauen, die sich immer offenbar laut gebärden und in Szene setzen. Von
613 1691 3382 1838 zweien weiss ich es, und von der dritten ahn ich  es, denn sie ist eine
595 1838 3325 1951 Deutsche und sicher die Aergste in der Richtung. Ich hätte als eine
610 1964 3273 2103 winzige Mücke auf einem Sonnenstrahl an Euch vorbeitanzen mögen -
616 2108 3336 2203 ob ich mich wohl geärgert oder unterhalten hätten? Keinesfalls hätte
621 2200 1396 2330 ich Dich gestochen!
1123 2327 3339 2450 Hast Du die Magda (Klein) erblickt? Jetzt ist sie wohl
603 2490 3122 2611 schon am Lido und ich bin neugierig, ob sie mir schreiben wird.
1120 2571 3428 2736 Bleibt Lili im Herbst länger bei ihrer Mutter oder holst
615 2710 3215 2846 du sie ab? Ich höre das alles wohl in Deinem nächsten Brief. Für
650 2852 3384 2969 heute schliesse ich, mein Liebes, denn ich bin müde und will mich vor
600 3012 1851 3145 Tisch noch ein wenig hinlegen.
1115 3120 3067 3279 Hat man Deine zwei neuen Joppen sehr bewundert?
1176 3256 3251 3376 Ich küsse Dich, mein liebes kleines Kind, sehr innig.
1814 3370 2082 3511 Deine
2043 3512 2256 3628 C.K.
618 3624 3469 3777 In meinem Stück "Schwester Peregrina" (Elisabeth Bergner) bin ich über
597 3769 3373 3901 Personenverzeichnis noch nicht hinausgekommen, aber ich habe viel da-
621 3891 3337 4023 rüber nachgedacht. Kennst Du nicht einen Roman, der in einem Frauen-
613 4027 3332 4125 kloster spielt? Ich müsste unbedingt so etwas lesen. Ich glaubender
656 4108 3379 4210 Kirchenvater wird mir einen Besuch in einem Kloster vermitteln, wenn
627 4182 2251 4300 ich mich nicht vorher mit ihm zerkrache!
