3787 4723
2015 292 2693 434 Berlin, 1.1.1929.
611 518 3300 648 Mein Liebes, der gestrige letzte Tag des Jahres 28 hat so getan, als
670 651 3465 771 wenn... Der langerwartete Dollarscheck aus Amerika kam -S.F. zahlte
667 759 3502 904 31.-35. Auflage Therewe, - und endlich erschien gar die menr oder weniger
614 885 3343 999 heilige Elizabeth - - Aber ich will in Ordnung erzählen. Vormittag
615 1049 3512 1162 bei S.F., sprach ich ihn, Bermann, Loerke, Kayser und Maril, - ohne dass son-
2631 1112 2795 1200 dass
621 1157 3394 1303 derlich viel neues herauskam. Das wesentlichste, das Deutsche Theater
619 1270 3440 1428 in den Kammerspielen den Relgen spielen möchte. Ich liess dem Direc-
612 1395 3516 1548 tor Klein (in Firma Reinhardt) sagen, - er möge mich anrufen, -ev. sei ich
621 1555 3361 1680 ja bis Sonntag da; -gleiches lass ich den Rotters bestellen (die die
624 1663 3327 1820 Komödie der Verführung spielen wollen) - Auch über die Buchausgabe
619 1785 3388 1910 Reigen(Harz) gab es eine Unterhaltung, in der S.F. wieder alles, was er
666 1924 2100 2045 Tags zuvor gesagt, hatte,zurücknahm.
662 2047 3471 2200 Zu Tisch war ich wieder bei Michaelis. Um 5 zuhause- Da rief Elisabeth
660 2160 3400 2342 Bergner an - und 1 1/8 Stunden später erschien sie selbst - nach einer
630 2350 2497 2484 10tägigen Grippe blass, sehr charmant und klug.
621 2439 3310 2568 Eben 11 Vormittag unterbricht der Briefträger mit Deinem lieben
612 2572 3378 2728 Sonntagsbrief aufs angenehmste dieses Schreiben, und ich umarme Dich
670 2714 3520 2875 in dieser Pause - - Nun zurück zu E.B.- In Kürze; sie brennt darauf
2874 2801 3137 2891 Strnad
630 2877 3454 2997 enilich die Elise zu spielen, - hat auch tatsächlich mit schon ge-
603 2981 3467 3103 sprochen, der auch brennt, um einige Grade niedriger denk ich, aber ver-
656 3103 3385 3227 lässlicher.) - Ich zeigte mich weiter etwas skeptisch; - wir redeten
630 3217 3428 3395 Über den Film, der sie, wie sie mir sagt, von der Elise nicht ganz erlöst
627 3339 3571 3505 hat - worauf ich noch einiges über die Gestalt der Elise und die Kongruez
630 3485 3501 3627 zwischen ihrer (B.'s) Künstlerschaft und der Elsegestalt sagte. Wir tele-
620 3616 3473 3773 graphirten also Strnad - xxx ob er vor Sonntag kommen könn-
641 3733 3476 3882 te; wenn nicht, so scheint Elisabeth B. entschlossen in allerallernäch-
629 3886 3391 4021 ster Zeit (so bald sie ganz erholt) nach Wenn zu fahren.- Wir rede-
630 4004 3458 4146 ten dann noch sehr viel von Heini, für den sie eine ganz besondere Vor-
630 4124 3316 4262 liebe hat; Über ihre "Julie", über Max Reinhardt, dem sie die Haupt-
624 4270 3394 4433 schuld an dem Echec der Romeovorstellung gibt. Sie behauptet, dass sie
3566 112 3660 288 179
