3690 4687
2329 332 3133 514 Wien, 26.4.26.Abend.
1001 571 3334 711 Seit 26 Uhr wieder hier. Habe Deinen Brief aus Patras und
610 712 3329 838 die Karte aus Neapel vorgefunden. Dass die "Martha Washington" kein
655 833 3384 987 besonders schönes Schiff ist, sagten mir schon Hermine und Paula, die
610 983 3482 1108 einmal mit ihr fuhren. Aber es war schon zu spät, um Dir noch abzureden.
600 1072 3295 1237 Es tut mir auch sehrleid, dass das Wetter, wie ich leider befürchten
587 1206 3417 1327 musste, nicht sehr schön und ziemlich stürmisch war. Denn auch bei uns
610 1341 2730 1478 ist erst seit gestern Nachmittag richtiger Frühling.
1040 1477 3443 1645 Ich hoffe nur, dass die gute Seeluft trotzdem ihre Schuldig-
607 1562 3279 1730 keit getan hat und Du Dich sehr wohl und erholt fühlst. Ich sprach
600 1733 3308 1876 eben Frieda telefonisch, die auch noch keine telegraphische Adresse
598 1838 1313 2013 aus Lissabon hat.
2463 2017 2733 2132 27.4.
1075 2077 3419 2287 Ich war gestern zeitlich im Bett und hatte noch den Besuch
592 2283 3401 2412 von Dr. Bloch, um ihn wegen meiner Schmerzen zu konsultieren. Er konnte
563 2402 3286 2539 gar nichts finden und sagte, es kann die Gallenblase,es kann eine
578 2507 3236 2646 Darmkolik gewesen sein, verordnet. Nichts und ich bin so klug wie
585 2662 3269 2810 zuvor. Byk rief mich an, um sich nach meinem Befinden zu erkundigen
585 2788 3394 2959 und frug nochmals wegen der Wachau. Ich blieb bei dem Nein. Cary sass
561 2873 1798 3065 da nun noch bis 11 Uhr bei mir.
1089 3010 3311 3214 Heute Vormittag bei herrlichem Wetter in der Stadt, die
577 3178 3377 3300 mir selbst nach dieser kurzen Anwesenheit fremd und sonderbar distan-
579 3311 3434 3455 ziert vorkam.- Heute Nachmittag, also jetzt gleich, nenne ich die "Trep-
655 3450 3435 3605 pe" vor und um 18 erwarte ich Herrn Horina (Schneider). Bitte
558 3529 3071 3714 chicke mir doch auch ein Bild mit Lili, es würde mich freuen.
2179 3711 2457 3841 28.4.
1039 3816 3389 3986 Noch immer keine Nachricht aus Lissabon. Ich war Vormittag
563 3966 3366 4097 im Büreau der Comulich-Linie, um zu hören, wann die "Martha Washington"
567 4098 3426 4293 in Lissabon angekommen ist. Man kann xxxk mir erst Anfang nächster Woche
571 4214 1268 4364 Bescheid sagen.
3469 98 3613 239 288
