3798 4598
2916 284 3173 477 Bl. 2.
2074 325 2490 515 8.2.1926.
676 536 3342 703 die sonst... etc. etc.- Hernach liest Elisabeth B.- Ich ver¬
658 676 3375 852 stehe thatsächlich keine Silbe, schlafe beinah (im verdunkelten Saal
647 800 3393 973 auf dem Platze Bismarcks); - die Striche scheinen wahnwitzig; - sie
656 951 3228 1099 liest trotzdem 1 Stunde 20 Minuten,- wird am Schluss bejubelt.-
701 1046 3496 1263 Dann nach Pause lese ich Gustl; sehr vernehmlich und nicht schlecht,
639 1195 3427 1356 aber ohne rechten Elan; die Albernheit dieser ganzen Aufmachung
665 1330 3414 1486 ununterbrochen empfindend. Hernach der übliche Beifall; Autographen¬
675 1467 3357 1623 sammler (ich lehne ab); eine Dame will Auskunft, ob die "Weissagung"
709 1590 3309 1763 eine wahre Geschichte; erwiederte ich: Ich habe auch nie eine
681 1752 3351 1914 wahre geschrieben, denn ich bin ein Dichter. Worauf sie sich belei¬
654 1864 3467 2020 digt entfernt - Unter den "Gratulierenden" - war auch Genia Schwarz¬
704 1964 3323 2153 wald, -anzublicken, als wäre sie eben aus einer Praterbude
668 2121 3388 2264 angekommen. Souper beim Oberbürgermeister; etwa 60 Leute.- U.a. der
658 2265 3382 2436 österreichische Gesandte, der Reichstagspräsident, Fulda, Engel, Bloem,
679 2384 3364 2540 Molo u.a. Der (sympathische) Oberbürgermeister - hält die übliche
679 2496 3527 2675 Begrüssungsansprache, - wirkt ohne politischen Beigeschmack (Anschluss);
714 2641 3542 2829 ich erwiedere ausnehmend ungeschickt. Ich flüchte mit Heini um 1 Uhr.-
682 2796 3399 2919 Ich hatte ihn als "Begleitung" mitgenommen. - Jetzt zu Fischer (den
674 2906 3419 3061 ich gestern mit Frau, Tochter, Schwiegersohn sprach). Einladungen zu
693 3067 3318 3205 Fulda, Engel, Schapiro; - Wiegler, Steinrück, Lantz (Film), Willy Naas,
691 3172 3306 3297 Jakob u. A. muss ich, will ich zum Theilsprechen. Ich schliesse, da
694 3246 3333 3467 ich das Haus verlasse und habe eben noch Raum genug den oben pro¬
688 3414 2607 3627 phezeiten Kuss zärtlich hieherzusetzen. Dein A.
1746 3567 1973 3706 - - - - -
