3742 4671
2176 298 2843 501 Bl.2 27.6.1924.
561 504 3303 624 Um 13 habe ich Paul Wertheimer angerufen, der überströmend liebens-
627 653 3314 799 ürdig war und mich dringend bat ihm gleich die Gedichte zu bringen.
543 802 3281 911 Ich sagte, dass ich sehr müde sei und erst um 5 dort sein könne. Er
621 894 1792 1054 versprach auf mich zu warten.
551 1023 3274 1155 Die Begrüssung war sehr herzlich (Details hebe ich mir für mündlich
591 1184 3408 1314 auf weil belanglos) und wenn er nicht wider umschmeisst, werden "Trau-
553 1303 3353 1494 rigkeit" und das "Telefongedicht", das Dir so gefiel.Sonntag erschei-
557 1455 751 1547 nen.
528 1554 3357 1695 Die Novelle dürfte nächste Woche im Abendblatt beginnen, da, wie er mir
558 1719 3289 1833 sagte, der Roman von Romain Rolland noch zirka 2 Monate geht und ich
552 1828 3199 1965 wohl nicht so lange werde warten wollen. Womit ich ihm Recht gab.
596 1972 3316 2098 Ich möchte sobald die Novelle in der N. Fr. Presse beginnt, an den Re-
543 2083 3434 2246 klamverlag schreiben und darauf hinweisen. Wie denkst Du darüber? Ueber
532 2219 3361 2330 die Honorarfrage hat Paul W. kein Wort gesprochen. Ich möchte für die
546 2330 3230 2481 4 Gedichte 100 Goldkronen, für die Novelle 400 GoldKronen. Das sind
545 2482 3236 2623 zusammen 6 Mark. Ist das zu viel? Und an wen soll ich mich wenden?
547 2605 3427 2730 Ich ging dann durch die Stadt nachhause, kaufte Kirschen, Spargelfisolen,
578 2744 3421 2863 und deses Briefpapier, das billig und schlecht ist, weil die Tinte unter
547 2884 3227 3016 der Feder zerfliesst. Sehr bepackelt traf ich den Julius Bauer, der
543 3014 3422 3132 fand, ich sehe aus wie Vanillecrême, weil ich mein gelbes Kleid an hatte.
540 3133 3350 3254 Er machte mir Vorwürfe, dass ich so wenig schreibe, die Gedichte hätten
532 3278 3303 3408 ihm so gut gefallen. Ich versprach mich zu bessern, erzählte aber na-
544 3394 3337 3524 türlich gar nichts. Jetzt ist es 3/4 8 und Du dürftest gerade dort an-
545 3533 3301 3700 gekommen sein. Ich hoffe, Du hattest eine gute Fahrt und bin froh, dass
543 3672 3481 3782 Du die Reise überstanden hast, denn es muss heiss gewesen sein. Ansonsten
550 3801 3321 3924 aber freut mich Deine Ankunft nicht sonderlich und ich will nicht zu
542 3896 3339 4073 viel denken.- Ich will Dir nur sagen, dass ich Dich lieb habe und dass
537 4018 3421 4192 ich Dir einen sehr langen innigen Kuss sende.-Es ist nicht ausgeschlos-
535 4179 3164 4341 sen, dass morgen noch ein Fostscriptum folgt. Ich sehe, daß meine
528 4276 3313 4438 Schrift grauenhaft schlecht und undeutlich ist, aber ich schreibe xxxf
3485 105 3604 239 61
