3839 4783
1760 331 2643 493 St. Moritz, 24.1.1925.
694 535 3338 644 Liebste, die Erzählung langte Abend an: ich lass sie sofort,finde
708 707 3483 801 sie durchaus gelungen, - meinem Geschmack nach nicht besonders inte-
757 828 3478 934 ressant (Du bist zu wenig darin). - Natürlich lässt sie sich ohne-
721 924 3302 1083 weiteres veröffentlichen (nach Milderung einiger vielleicht zu
764 1056 3330 1185 cruder Details.) Ich will diese paar Zeilen gleich auf die Post
728 1199 3587 1316 bringen, dass sie Mittag weggehen und schreibe noch heute ausführlicher.
723 1347 1652 1481 Tausend Küsse. Dein A.
1713 1479 1996 1591 - - = — —
3559 100 3703 270 124
