3690 4694
1789 293 2872 446 Schloss Neudorf, 13.8.1927.
503 278 1488 454 An A.S. nach Campiglio.
505 560 913 725 Liebster
913 700 3376 843 wie Dir meine Karte, die ich in Wildon in den Kasten steckte,
521 843 3349 942 schon gemedelt haben wird, bin ich gestern wohlbehalten hier angelangt.
502 949 3272 1080 Komisch ist, dass man bei der Hamburg-Amerika-Linie die von Dir ange-
523 1099 3392 1227 gebene Verbindung hartnäckig bestritten hat und man auch hier im Hause,
511 1230 3332 1348 trotz jahrelanger Frequenzhdieser Strecke nicht wusste, dass man um 11
545 1360 3311 1459 Uhr von Wien fortfahren und um 5 Uhr hier sein kann. Allerdings muss
488 1467 1469 1618 man in Bruck umsteigen.
1064 1615 3347 1735 Ein Wagen mit Miss Grace (die 30 Jahre hier im Hause ist)
495 1730 3305 1881 erwartete mich und wir fuhren 3/4 Stunden zwischen Wiesen und Feldern
507 1886 3153 1982 und einem schon sehr grau verhangenen Himmel zum Schloss, das mich
502 2006 3280 2135 gleich wieder mit seinem alten, unernörten Zauber umfing. Es ist son-
499 2132 3382 2250 derbar, eine wie starke künstlerische und suggestive Wirkung Architektur
475 2256 3355 2426 von je her auf mich macht. Die toten Mauern beleben sich für mich, wer-
505 2408 3469 2512 den Schausplatz von Geschehnissen und Möglichkeiten und auf einer Brücke,
499 2509 3379 2648 die sich zwischen Vergangenheit und Gegenwart bildet, huschen phantasti-
490 2632 1614 2799 sche Gestalten hinn und her.
1050 2782 3341 2882 Das Schloss ist in den 6 Jahren, die ich nicht da war,na-
504 2917 3259 3035 hezu ganz neu eingerichtet worden, da bei dem Hausherrn eine Aversion
502 3074 3378 3209 gegen antiquitäten besteht. Aber die modernen Möbel, die unglaublich ge-
495 3193 3269 3336 schickt gewählt oder richtiger den Räumen angepasst sind, wirken gar
492 3298 3390 3448 nicht störend, sondern selbstverständlich. Ich werde Dir darüber viel zu
508 3464 3275 3582 erzählen haben. Peinlich und unbequem sind nach wie vor die hygieni-
501 3574 3414 3702 schen Einrichtungen. Die Hausleute und ebenso die verheiratete Haustoch-
541 3691 3271 3806 ter haben an ihre Schlafzimmer angrenzend fabelhafte Bade-Toilette-
499 3849 3251 3989 räume. Für die Gäste aber existiert ein gemeinsamer solcher Raum, der
499 3963 3405 4100 z.B. von meinem, sonst geradezu entzückenden Zimmer durch zahllose Kreuz-
503 4096 3346 4232 gänge, Stufen, Türen etc. erreichbar und noch dazu veirrt man sich immer
485 4214 815 4377 am Weg.
3476 95 3575 252 29
