3759 4626
2744 420 3170 577 16.10.25
633 584 3358 731 gelesen haben. Wenn es sich ergibt, sagst Du ihm wohl ein Wort darü¬
664 728 861 878 ber.
940 846 3336 990 Jetzt Addio, ich wünschte sehr Deinen nächsten Zeilen bes¬
630 1032 3023 1164 sere Stimmung und etwas mehr Wärme. Es ist hier kalt genug.
973 1103 2279 1278 Ich umarme Dich sehr, sehr innig
1455 1258 1713 1407 Deine
1576 1381 2287 1528 Clara Katharina.
1573 1636 1819 1767 - - - - - -
