3771 4723
1516 218 1864 364 Tagebuch
710 402 1222 537 (27.12.1930)
704 509 3401 682 Roman von der Clauser gelesen. Eine recht hübsch geschriebene, echt
711 688 3253 791 französische Liebesgeschichte, stellenweise zu sentimental, aber
707 792 3322 919 gleichzeitig eine recht durchsichtige Lebensgeschichte. Entweder
710 961 3325 1081 diese Ehe ist nicht mehr gut oder sie wird durch diesen Roman in
709 1084 3410 1207 Brüche gehen, wenn der Mann ihn liest. Im Ganzen eine unbeträchtli-
711 1215 1188 1329 che Arbeit.
705 1297 3385 1459 28.12.30. Abend mit A. im Kino. Madame sucht Anschluss. "Meisl" ge-
701 1455 3429 1581 nachtmahlt. Er wollte bei sich zuhause essen, aber ich meinte, es sei
706 1585 2117 1733 vielleicht bequemer im Restaurant.
715 1713 3244 1853 29.12.30. Mit A. bei "Brotverdiener" von Maugham. Kluges, gutes
717 1855 3315 1960 Stück. Sehr gut gespielt (Josefstädtertheater) dann mit Ehepaar
718 1969 3391 2115 Trebitsch im "Weissen Hahn" genachtmahlt. Direktor Geyer an unserm
715 2115 3207 2285 Tisch. Heimfahrt wie immer, kühl, freundlich, fast herzlich, ohne
711 2233 1830 2385 die geringste Zärtlichkeit.
705 2355 3344 2521 Nachmittag Tee bei Elise v.G., viel mit Prof.Seligmann gesprochen.
715 2507 3344 2662 30.12.30. Tedy,Emmy v.Tolnay,Frau Schmutzer, Lotte Menasse bei mir
705 2653 3392 2745 zum Thee. Ganz nett. Abend allein zuhause. Das alte Jahr geht sei-
705 2790 2634 2916 nem Ende entgegen, -ich möchte nicht nachdenken.
710 2890 3315 3024 Vormittag A. zufällig in der Stadt getroffen, der mich mit meinen
709 3024 3183 3169 zahllosen Packerln in ein Auto setzte. Wetter furchtbar kalt.
701 3177 3426 3320 31.12.30. Vormittag in derbstadt. Mittag Harry, Cary, Magdi. Gemütli-
2357 3260 2450 3352 Am
823 3303 3346 3445 ches Zusammensein. Harry sehr komisch. Abend gehe ich zu A., wo
698 3392 3265 3541 Frieda und Bruder sind, nur um ein Tête-atete zu vermeiden. Und
703 3549 3483 3660 doch wird einmal ein Sylveterabend kommen, wo ich mich auch nach die-
707 3671 1623 3823 sem noch sehnen werde.
701 3827 3340 3971 Das war ein böses Jahr für mich. Gott schenke allen meinen Lieben
687 3964 3271 4091 Gesundheit, Glück, mir noch ein wenig Freude, die mir ja doch nur
690 4074 3466 4216 von A.,durch A. kommen könne. Gott erhalte ihn und erhalten ihn mir.
3513 129 3659 289 133
