3770 4707
2032 273 3084 430 Sonntag, 1.1.1927. Berlin.
2021 384 2706 496 Hotel Esplanade.
585 464 3343 599 Mein Liebes, heute Früh kam Dein verstimmter Brief, den ich gleich mit
588 646 3317 777 einer Depesche beantwortet habe, eben dein besser gelaunter, der auch
586 762 3318 916 meine Stimmung gebessert hat. Ich will dir nur – ehe Herr Fleck er¬
584 906 3389 1033 scheint, mit dem ich mich über sein Liebelei-Scenarium zu unterhalten
628 1005 3436 1143 habe, von gestern berichten. Vormittag im Fischer-Bureau, nur mit ihm
584 1149 3436 1309 sehr freundschaftlich gesprochen. Er bittet dich ihm den Roman persön¬
580 1251 3309 1447 lich zu schicken. Er wird ihn gleich lesen (du nimmst dieses gleich
572 1410 3468 1523 hoffentlich nicht gar zu wörtlich). Zu Tisch war ich bei Paul Goldmann,
559 1552 3305 1702 Frau und Tochter, zusammen mit Paul Marx. P. G. ist übel auf die Neue
588 1666 3484 1803 freie Presse zu reden und kennt die dortige Wirtschaft. Vorher ein son¬
618 1819 3434 1927 derbarer Zufall: ich gehe durch die Kurfürstenstrasse (zum ersten Mal
588 1939 3429 2081 in meinemLeben) – begegne einer Dame, die mich an Fräulein Soltau erin¬
586 2050 3299 2218 nert; – meine Gedanken gehen weiter über die Schicksale der »Therese«
586 2198 3398 2336 wieder zu Fräulein Soltau; – ich denke eben an ihr altjüngferlich ver¬
596 2351 3324 2490 grämtes Gesicht mit sozusagen sozial-literarischer Anteilnahme – da
596 2491 3401 2616 steht sie leibhaftig vor mir – zu kurzem Aufenthalt in Berlin,vor ei¬
591 2609 3407 2758 ner Stellung in Hamburg (allerdings kommen auf einen solchen Fall ei¬
583 2722 3359 2834 nige Millionen andere, in denen man den Leuten, an die man eben denkt,
576 2840 3465 3016 nicht begegnet). Abend bei Michaelis, wo ausser mir nur Fischer und Frau
604 3002 3416 3107 (er würde gerne Else und Frau des Richters, die auch er – nicht einmal
577 3104 3466 3254 dem Namen nach kennt!! – in seinen Verlag übernehmen). Dann noch zu Lucy,
585 3246 3467 3396 wo Heini und Fehling. Ich spielte Walzer, Heini Bach und Händel, womit wir
586 3383 2357 3531 ins neue Jahr eingingen. Um zwei ins Bett.–
575 3476 3525 3657 Heute Vormittag mit Heini nach Zehlendorf, Steinrück, seine charmante Frau
587 3657 3519 3766 und zwei Mädeln 4 und 2 Jahre alt, Barbara und Ursula.– Mit Heini im Hotel
586 3777 3388 3915 gegessen. St. musste (Nachmittag) Volpone spielen, er ist auch für den
575 3912 3478 4043 Liebelei-Film engagiert, um – einen überflüssigen Herrn am Grabe Fritzens
560 4054 3358 4170 zu mimen und damit er auf dem Zettel steht). Herr Schröder hat tele¬
586 4167 3431 4299 graphiert, dass er erst Dienstag kommen kann; ich habe ihn für Dienstag
588 4295 3346 4439 Vormittag bestellt. Am Abend will ich nach Wien reisen.– Heute Abend
