2806 3370
569 291 1090 427 Hofmannsthal
699 579 2569 663 ............ Gestern war ich zu schlecht und dumm
568 653 2568 741 gestimmt, um ernstlich zu arbeiten und hab, um mich
588 721 2568 801 zu zerstreuen, einen Prolog zu den Theaterstücken
569 797 2495 888 der Clara Löb geschrieben. Ich weiss gar nicht,
577 858 2522 943 ob ich diese kleinen Stücke eigentlich gut finde,
563 929 2558 1012 nur dass man so etwas macht, ein Mädel, und gerade
599 1001 2550 1109 so etwas, kommt mir recht charakteristisch für die
574 1065 1206 1158 Zeit vor......
989 1378 2548 1556 Hofmannsthal an Minnie
1020 1514 2627 1726 Benedict in einem Brief
