3771 4723
601 166 1805 329 Fortsetzung vom 16 ten I. 1931
597 275 2407 474 ganz in der Nähe vom Geburtstag der O. ist.
1009 410 1316 506 Telephon
597 436 3423 610 V. M. langes Gespräch mit Graf Thun (Mann der Wolgemut) später mit
610 613 1070 744 Alma Maler.
610 723 3711 888 Abend kommen, Otto Emma. A. den ich nicht dazu bat, hat sich spon-
611 843 3486 996 tan für nach dem Nachtmal angesagt. Ich wundere mich weil er (wie er
607 980 3498 1107 gestern sagte) einen Abend allein sein wollte. Vielleicht ist es wirk-
614 1092 3719 1214 lich ein lieber Gedanke von ihm-Ich bin halt schon so mistrauisch und inner-
605 1209 3388 1373 lich zerstört. Mittag kam ein schöner weisser Azaleen- stock von ihm.
612 1368 3545 1510 17ten Der gestrige Abend war sehr öde. So lange Otto Emmy Marta allein
610 1502 3658 1634 da waren gieng es noch an, aber um ½ 10 kam A. und sofort musste das Radio
607 1638 2861 1757 spielen. Und dabei fielen ihm fortwährend die Augen zu.
606 1784 3528 1908 Heute Mittag Carty u. Magdy die sehr erholt aus Puchenstuben zurückkamen
604 1895 3691 2037 und Hery der sehr lustig war.- Am Nachmittag Anna, die sehr abgerackert aus
598 1999 3688 2127 sieht. Ich war nachher auch sehr müde. - " Mimi und Gwendy "Abschrift in Ord
608 2163 3606 2289 nung gebracht da ich dieses Stück Herrn Zcettel der Montag mit Rudy zu mir
606 2262 3604 2392 kommen soll) mitgeben möchte. Er hat die "Kleine Katharina insceniert,
601 2402 1958 2537 d. H. die Kostüme dazu entworfen.
610 2558 3409 2684 Abend allein. A. angeblich auch allein - Heute der Geburtstag der O.
598 2689 3608 2823 I8ten I. Ich schlafe elend trotz Schlafmittel. Dr. D. behauptete letzthin
601 2770 3600 2951 A. fände dass unsere Beziehung jetzt eine so schöne harmonische sei. Ahnt
608 2915 3526 3035 a. wirklich nicht was ich durchmache und dass es nur Beherrschung ist.
596 3063 3599 3229 Er musste heute V. M. ins Burgtheater. Ich war allein 7 Stunde spazieren.
608 3189 2882 3323 Seit 3 Tagen Chirokale Stürme. Thermometer immer über 0.
607 3299 3678 3466 Habe um 3 Uhr 45 m A. wiederholt angerufen- zu meinem Erstaunen meldete sich
599 3431 3647 3592 niemand. Ich laufe hinüber (ich glaubte an eine Telef. Störung (Minna sagt
597 3577 3488 3718 A. sei zu Tisch nicht zu Hause gewesen. Davon hat er mir nichts gesagt,
609 3716 3558 3874 als wir uns um ½ 10 telefonisch sprachen. (Er erzählte sonst immer wenn
617 3855 3562 4000 er nicht zu Hause speist) Um 5 ist er bei neuerlichem Anruf noch nicht
598 3976 3543 4142 da. Um dreiviertel 5 ruft er sehr brummig an ohne (angeblich zu wissen,
593 4121 3580 4248 dass ich vorher anrief (Erst auf meine Frage, was er heute unternommen
603 4203 3330 4419 hat, erzählt er er sei bei seiner Schwester Gisa zu Tisch gewesen.
