3787 4803
579 251 1025 444 11.7.1929.
567 450 3360 603 Halsspezialist. Dr.F. konstatiert starke Entzündung bis in die Luft-
589 598 3414 747 röhre. Behandlung dringend geboten. Pinselt mit Lapis.Furchtbarer Abend.
577 763 1015 892 38.2 Temp.
577 921 3050 1105 12.7. Elenddes Befinden. A. täglich 2mal bei mir. Rührend lieb.
583 1120 3279 1266 13.7.Zum Dr.Fischer, dann wieder zu Bett. A. Früh und Abend bei mir.
575 1248 1688 1429 (Mich mit Herry zerkracht.)
583 1462 3340 1594 14.7. A. teilt mir mit, dass O. gestern Früh operiert wurde. Dora hat
575 1598 3296 1757 telefoniert, dass es ihr gut geht. Er sieht schlecht aus. Jedes Mal,
589 1704 3411 1858 wenn man froh ist, dass er sich erholt hat, kommt wieder was. Er behaup-
582 1841 3465 2007 tet zwar, es rege ihn gar nicht sehr auf, aber ich glaube es nicht. Hof-
622 1968 3281 2126 fentlich geht es ihr bald wirklich gut. Mir tut jeder Mensch leid,
587 2091 1840 2274 der sich operieren lassen muss.
568 2219 2857 2415 Heute aufgestanden. Hals etwas besser, aber sehr schwach.
576 2410 2614 2545 Nachm. Anna bei mir Abend allein, zeitlich zu Bett.
582 2551 3371 2718 15.7. Franz Hofmannsthal, Hugos ältester Sohn, durch Selbstmordgeendet.
583 2706 3376 2812 Welch eine Jugend, welch ein Welt! Er hatte keine ihm zusagende Stel-
581 2853 1335 2986 lung, also-Schluss.
572 2936 3264 3109 Nachm. bei Dr.Fischer, gegen Abend A. Er sieht viel schlechter aus.
578 3106 3421 3296 16.7. Hugo v.Hofmannsthal tot. Er war im Begriffe zum Begräbnis seines
585 3269 3377 3416 Sohnes zu gehen, von einem Gehirnschlag getroffen zusammengesunken. Be-
592 3420 1726 3546 wusstlos, nicht mehr erwacht.
595 3568 3330 3684 A. sieht elend aus. Er ist auf das Tiefste ergriffen. Bei all meiner
587 3660 3455 3803 ehrlichen Erschütterung und Trauer um Hugo sind alle meine Gedanken und
583 3795 1279 3952 Sorgen nur um A.
585 3919 3467 4050 Hugo war der ferne Märchenprinz meiner Mädchenjahre, obwohl wir uns auch
588 4071 3388 4222 manchmal sehr nahe waren. A. sagt, man steht eigentlich in einem fort-
594 4189 3497 4345 währenden Kugskregen, jeden Augenblick kann man tötlich getrof-
578 4354 1071 4501 fen werden.
3507 130 3676 325 250
