2806 3370
98 113 1630 309 An Fr. Marianne Benedikt
586 301 1159 423 Hofmannsthal.
1871 306 2383 436 Charfreitag.
598 508 2395 621 Verehrte gnädige Frau, verzeihen Sie wenn ich
589 588 2515 690 Ihnen doch antworte, obwohl Sie es mir verboten
586 668 2496 750 haben. Ich habe Ihre Karte zuerst zweimal gele¬
590 740 2495 812 sen und absolut den Zusammenhang nicht verstan¬
592 803 2474 872 den. Jetzt verstehe ich ihn natürlich schliess¬
583 867 2367 961 lich, aber das Ganze kommt mir so widersinnig
594 942 2360 1011 vor, glücklicherweise ebenso unwahrscheinlich
585 1008 2607 1109 als es unangenehm zu besprechen ist. Der Zusammen¬
583 1066 2527 1156 hang ist, dass Ihr Fräulein Tochter Minnie heisst
581 1143 2446 1217 und die Person in dem Buch Minni, denn dass ich
590 1205 2483 1284 für Ihr Fräulein Tochter ein Gelegenheitsstück
583 1268 2466 1368 geschrieben habe und für das Buch einen Prolog:
584 1338 2393 1413 deshalb soll jemand glauben, dass Ihre Tochter
587 1405 2617 1484 diese Sachen geschrieben hat. Aber das müsste doch
571 1472 2487 1558 ein complet Verrückter sein oder jemand der mit
572 1514 2457 1631 dem Fräulein Minnie nie eine Silbe geredet hat,
577 1604 2611 1707 es widerspricht doch so vollkommen ihrer Art, jedes
624 1672 2502 1736 Wort davon; dann hat sie doch überhaupt nie et¬
581 1730 2479 1812 was geschrieben. Dass das Buch Minni heisst ist
584 1802 2504 1897 weder dem Arthur noch mir je aufgefallen und ich
574 1866 2583 1970 weiss bestimmt dass wir es vor dem Fräulein Minni
570 1929 2544 2027 einmal erwähnt haben und dass es ihr nicht im ge¬
575 1992 2625 2084 ringsten aufgefallen ist, obwohl ich nachher bemerkt
575 2062 2557 2164 habe dass die Frau v. Sachssie so nennt. Aber eben
573 2142 2420 2224 eine solche Aehnlichkeit würde man doch zuerst
578 2209 2415 2300 vermeiden. Wenn mich jemand um den Autor fragt
569 2256 2452 2350 (übrigens lesen in Wien jetzt keine 20 Menschen
559 2328 2620 2428 mehr die Freie Bühne) so gebe bich einfach gar keine
566 2396 2596 2502 Auskunft, was ja durch die Situation vorgeschrieben
566 2460 2421 2559 ist. Was die Sache selbst betrifft, so will ich
563 2539 2444 2627 aush etwas sagen, weil Sie auch davon sprechen.
574 2590 2411 2697 Ich habe die Vorrede geschrieben aus demselben
563 2661 2534 2754 Grund, den man angeführt hat wie man mich darum ge¬
569 2722 2528 2814 beten hat: nämlich weil das Buch eine Art Nachah¬
557 2791 2545 2908 mung von dem "Anatol" ist und vor diesem auch ein
557 2857 2457 2935 Prolog von mir steht. Ich habe damals, im Dezem-
563 2924 2451 3029 ber, die Clara Loeb vielleicht 6 oder 10 mal ge-
557 2987 2379 3111 schen gehabt und gerad so gut gekannt wie 100
