3746 4707
714 347 1913 572 Tagebuch Carlsbad 15 Juli 1
604 671 3343 791 15.7 Anruf A. Wieder die programmmässigen Fragen nach Befinden etc.
606 812 3600 976 schliesslich Gereiztheit auf meiner Seite - ich erklärte schließlich dass
604 895 2312 1083 ich ihm in Bezug auf uns schreiben werde.
598 1048 2550 1193 Er sagt ; ich fasse seine Art zu polemisch auf.
602 1169 1823 1331 Mein Brief bereits abgegangen.
599 1296 3460 1474 N. M mit Siegfr- Trebitsch. Unerquicklicher Mensch verlogene Gespräche.
598 1437 3475 1604 Abend wie immer in meinem Zimmer. Der schönste Augenblick wenn das Pha-
601 1582 1166 1717 nodorm wirkt.
596 1711 3457 1866 17.7.ich bin so angefüllt mit Qual u. Angst und Einsamkeit dass ich es
604 1838 1518 1972 herausschreien möchte-
596 1974 2829 2121 18 ten Mein Brief wol seit gestern in seinen Händen. -
605 2104 3436 2239 Ich bekem gestern Puchingers Buch über Goethe in Carlsbad in A's Auf-
597 2241 3401 2375 Trag zugestellt. Ich hatte ihn bei einem der ersten Telef. Gespräche
596 2366 2970 2484 darum ersucht. Schrieb sofort eine Karte um ihm zu danken.
599 2504 3647 2633 19ten Wenn er gestern Freitag den vorgefundenen Brief beantwortet hätte, xxx
598 2641 2622 2771 müsste er die Antwort heute da sein-Welche Qual.
602 2744 3660 2928 19ten Eine Karte! Fühlt sich für eine Antwort auch für wenige Worte nicht
591 2862 1118 3006 frisch genug
598 3003 3680 3212 Es schüttet. Seit 10 tagen kein schöner Tag mehr. Trostlos ist Alles. Vergeb-
602 3115 2508 3277 licher Versuch biogr. zu arbeiten. Geht nicht.
591 3280 3547 3449 Die 3 Gläser Sprudel verursachen Somerzen. Der Arzt sagt es sei die Wir-
579 3403 3626 3570 kung.-Gestern mit „Klier wieder Ausstellung. Habe einen Artikel über die
593 3532 3496 3713 hiesige Ausstellung geschrieben und im Büro von Klier diktiert. Ein Wun-
599 3653 2042 3813 der dass ich etwas zu stande bringe.
586 3806 3542 3958 20ten 7.Gestern einsam wie immer. Heute an A. telegrafiert Im Wald geses-
588 3902 3662 4045 sen, etwas wie Frieden in mir gespürt und Hoffnung zu Hause Brief zu finden
