3771 4723
601 275 1266 468 Forts. v. 13.2.193
596 462 3452 635 kennen! Gestern Mittag nach der Probe ass er bei mir. Als ich ihm beim
568 640 3356 797 Fortgehen die Hand gab, zog er mich zärtlich an sich, küsste mich und
599 781 3319 900 dankte mir für all meine Ratschläge. Am Abend rief er mich noch an.
603 871 3398 1083 15.2.1931.Gestriger Erfolg viel grösser als ich zu hoffen gewagt. Wenn
606 1038 3351 1185 er mir gefolgt und die paar allzu peinlichen Stellen geändert hätte,
594 1188 3446 1326 besonders den Schluss, dann wäre es bestimmt einer der grössten Erfolge
571 1319 1949 1441 gewesen, die man sich denken kann.
589 1438 3266 1572 Mit Dr.D. und Anny in der Loge. Nachher alle bei A. genachtmahlt.
626 1557 3403 1735 A. sehr müde. Keine Premierenstimmung. Und doch war der Erfolg unum-
595 1695 1111 1821 stritten da.
583 1856 3386 1956 Viele Anrufe. Die ersten Kritiken sehr gut. Hofrätin Z. rief mich mit
602 1949 3365 2077 grosser Herzlichkeit an. Sie sagte: "Wer denn verdient heute angeru-
590 2088 3328 2199 fen zu werden, wenn nicht Sie.“ Man ist wirklich schon erstaunt,wenn
634 2214 3415 2322 ein Mensch Herz hat. Prof. Julius S. war gesern einen Moment in der Lo-
633 2337 3392 2489 ge, kühl und fremd zu mir wie immer. Vormittag mit A. kurze Zeit spa-
638 2469 3361 2601 zieren. Abend im Kino. Dann bei ihm. Er zeigte mir die ersten Entwür-
602 2583 3057 2725 fe zum Gang zum Weiher. Seine Art zu arbeiten ist merkwürdig.
596 2744 3255 2887 Ich führte das ganze Stück auf ein Erlebnis in Schweden zurück, wo
593 2879 3492 2992 er einem jungen ahnungslosen Mädchen beim Baden in Meer zusah. Er meint,
592 3007 3434 3113 icu habe vielleicht Recht, obwohl ihm der Zusammenhang dieses Erlebnis-
594 3157 3103 3277 ses, das er auch in der Traumnovelle erwähn micht bewusst war.
587 3246 2212 3412 Ich fühle mich physisch nicht sehr wohl.
583 3385 3268 3537 16.2.1931.Carry Magdi zu Tisch.Garry mit einer Furunkel den ganzen
592 3525 3423 3687 Nachmittag bei mir gelegen. Thermophor auf der Wange. Wenn Aerzte krank
590 3654 3396 3835 sind behandeln sie sich besonders dumm. Ich müde bis zur Bewusstlosig-
581 3775 833 3908 keit.
706 3908 3086 4031 17.2.1931.Vormittag nur bei Marfeld wegen Film.Abend mit A.
709 4023 3343 4192 18.2.1931.Mit A. bei Gie und Giin, Gastspiel Palosty, die gut tanzt,
747 4167 3349 4297 sonst ungarisch und mies ist. Nachher Weissen Hahn genachtmahlt.
3546 136 3648 279 152
