3726 4662
1998 331 2900 465 Seelisberg, 11.8.1924.
506 500 3451 657 Liebster, heute ist der erste schöne sonnige Tag. Ich bin schon vor 9 Uhr
567 666 3374 818 Früh ganz weiss gekleidet beim Frühstück gewesen, dann lief ich allein
523 791 3380 922 davon und legte mich an Waldesrand in die Sonne. Die andern Weiber sind
529 941 3336 1067 gottlob nicht so matinal als ich. Ich lag wohl 1/4 Stunden allein dort
517 1041 3375 1192 oben und habe viel nachgedacht. Am Rückweg hatte ich mein erstes Aben-
512 1184 3395 1341 teuer. Ein Herr kam von einem Seitenweg auf mich zu - etwa 50 Jahre alt,
520 1303 3287 1489 ganz gut aussehend und rief lachend: "Is it not a spendid country?"
510 1457 3415 1606 Ich antwortete : "It is a lovely day" und rannte an ihm vorbei im Sturm-
563 1603 3289 1706 schritt welter. Er hinter mirwdrein. Plötzlich rief er: "Please Miss
525 1723 3404 1849 couldt you not tell me what o'cloc we have?" Antwort mit einem
507 1858 3241 2018 Blick auf meine bereits funktionierende Armbanduhr: "Five minutes to
504 1950 3239 2126 twelf". Darauf frug er mich, obich Engländerin sei und ich sagte ihm
503 2106 3267 2257 Nein und dass er, wie ich an seiner Auss/rache erkenne, auch kein Eng-
556 2223 3391 2359 länder ist. Er gestand lachend Deutscher zu sein und lief trotz meines
516 2364 3283 2518 Tempos an meiner Selte weiter. Er sagte, dass seine Kinder in Villard
499 2485 3302 2631 oder so ähnlich seien, worauf ich meinte, meine Kinder seien auch nicht
492 2633 3361 2773 hier. "You are a mother?" rief er erstaunt. "I thought you were a girl"
541 2779 3348 2910 und XXomplimente über meinen Gang, Haltung u.s.w. Ich erklärte ihm, ich
486 2888 3419 3023 müsse zu meinen Bekannten, lehnte weitere Begleitung ab und lief, was ich
494 3024 3301 3149 konnte heimwärts. Wenn mir diese Bekannten nur nicht so auf die Nerven
507 3161 3335 3282 gingen. Ausserdem sind diese Frauen alle müd, bequem, haben immer Angst,
500 3274 3401 3394 dass ihnen Bewegung schaden kann und kriechen immer nur ums Hotel herum.
503 3395 3354 3563 Ich habe hier zwei vierblättrige Kleeblätter gefunden, eines bekam mein
491 3544 2291 3686 Sohn Karl Friedrich und dieses ist für Dich.
486 3648 3395 3810 Ich hoffe, Du hast indessen meine Karte und zwei Briefe, die ich poste re-
519 3790 3281 3939 stante adressierte, erhalten. Von jetzt ab schreibe ich Dir ins Hotel
481 3918 3401 4100 Cresta Palace, Celerina. Dank für Deinen lieben Brief. Ich fühle, wie viel
470 4059 3404 4195 Du mit andern Menschen zusammen bist und wie fern Du mir rückst. Es sind
483 4150 3403 4259 mehr als Berge und Thäler zwischen uns. - Jetzt will ich an meiner Novelle
456 4202 550 4338 s
525 4216 3313 4309 chreiben - ich habe sie kaum begonnen. Die rechte Stimmung fehlt noch.
519 4284 2639 4397 Wann und an was arbeitest Du? Ich umarme Dich.Deine
2638 4340 3286 4480 Clara Katharina
3502 115 3640 278 86
