2793 3358
1638 329 2171 478 30. VII. 97.
375 547 2378 651 sich und ist fesch und innerlich jung. Bitte ver¬
362 685 2288 823 steh das "Euer Genre" nicht falsch. Ich meine
383 815 2284 914 damit er ist nicht in der Art durch die Du oder
365 938 2288 1046 der Hugo mir gefallt, obwohl Ihr doch auch sehr
372 1085 2499 1187 verschieden seid so habt Ihr doch etwas Gemeinsames
373 1210 2526 1337 dass ich selbst nicht benennen nur herausfühlen kann.
375 1311 2498 1451 Was hörst Du übrigens von ihm? Hat er Dir über mich
377 1476 2421 1588 geschrieben? Ich weiss doch nicht mehr recht, was
379 1615 2362 1731 ich von ihm halten soll und es tut mir sehr leid,
375 1748 2331 1881 dass die Schöne, wirklich selten schöne Meinung,
369 1877 2399 1996 die ich von ihm als Mensch hatte, nun gestört ist.
380 2007 2380 2115 Ich hab mir wohl übertrieben schöne Eigenschaften
378 2134 2290 2225 in ihn hineingedacht. Vielleicht tu ich das bei
381 2246 2205 2349 Dir auch! Sei nicht böse, das war nur Spass.
382 2385 2574 2504 nun bin ich auch schon todmüde und sag Dir Gute Nacht.
374 2534 2508 2646 Schreib mir nur sehr sehr bald und nicht Telegrafen¬
391 2655 1372 2789 stil unter "Hary Graf".
389 2758 2537 2885 Und wenn Du mir antwortest so nimm meinen Brief noch¬
387 2902 2304 3034 mal vor, damit Du alles drinn berücksichtigst.
376 3031 2598 3138 Lach mich auch nicht aus, wenn ich Unnsinn geschrieben
378 3157 1947 3264 hab, denn ich bin schon sehr schläfrig
