3770 4694
1924 254 3173 398 Campo di Carlo Magno, 13.8.1927.
1819 335 3385 475 (nach Schloss Neudorf, bei Wildon,Stmk.)
631 470 3445 637 Mein Liebes, so nämlich heisst der Ort - der aus paar Häusern besteht-
650 634 3338 750 dem schönen Hotel und der Räuberhöhle, die mit dem Hotel gar nichts
678 768 3264 885 zu tun hat, aber ungefähr ebenso theuer ist. Mein Zimmer (aller-
613 886 3393 1024 dings wie üblich in der Saison zweibettig) mit Frühstück - 40 Lire!)
634 1003 3368 1150 Die Aussicht allerorten sehr schön und die Luft herrlich. Aber lie-
611 1142 3278 1288 ber der Reihe nach. Die Reise war ganz bequem; Umsteigen in Inns-
646 1281 3443 1404 bruck - Gepäck (auch das grosse) wurde im Zug während der Fahrt (pein-
628 1397 3235 1534 lich genau, - von uns so gut wie gar nicht - ich sehe offenbar be-
643 1537 3324 1676 sonders vertrauenerweckend aus) revidiert. Bozen Frühstück Laurin.
636 1672 3257 1762 Gar nicht voll, aber sehr teuer. Zimmer ohne Bad 35 Lire - und da
637 1795 3381 1931 hatte man mir schon 17 nachgelassen. Neuer Direktor, neuer Portier.
638 1936 3301 2070 Steffenelli erwartete mich schon vor dem Hotel; - der Verunglückte,
642 2059 3274 2192 Todtgesagte war thatsächlicher selbst. Ein Auto (Wiener Amateur)
627 2186 3311 2318 fuhr in seines hinein, das er schon zur Sicherheit in die Wiese di-
628 2327 3245 2453 rigiert hatte; - er war sogar abgestiegen,- er kam unters Auto zu
620 2460 3287 2617 liegen, -brach beide Beine, 2 Monate Krankenlager, Auto beim Prozess
617 2572 3315 2712 gegen den Schuldigen, der plötzlich stirbt, unabsehbar.-
624 2715 3474 2862 Zwei neue Autos auf Credit; - schlechte Geschäfte, wie heuer überhaupt; -
623 2859 3374 3011 der Stand der Lire ergibt sich immer wieder und immer mehr als eine
665 2965 1246 3104 Katastrophe.-
1382 3018 1609 3149 Greifswald
619 3087 3201 3209 Mit Steffenelli im Greigen gemachtmahlt. Gestern (Freitag) über
614 3235 3309 3346 Mendel, -Malé (bis dahin kennst Du den Weg, den zauberhaften; von Malé
656 3362 3302 3496 noch eine 1/3 Stunde hier herauf. 11 Ankunft; - Zeledria; mit 0. und
621 3463 3467 3621 Frau Pieterkowski gespeist, die Herren Dr.P. allein; und Hei-
644 3622 3268 3739 ni mit dem Sohn waren auf Touren,- Mich Nachmittag an das Zimmer
594 3761 3370 3890 gewöhnt; später bei P.'s im schönen Hotel auf dem Balkon; Dr.P. kam,
651 3880 3466 4056 Spaziergang mit ihm nach Campiglio und weiter. Campiglio selbst nichts
613 4020 3207 4155 weniger als verlockend, eine Art kleiner Kurort - allzu geschützt
611 4134 3250 4302 gelegen, hatte den Ort von 1903 her gut in Gedächtnis behalten, war
602 4283 3219 4418 nur eine Nacht lang da gewesen; - von der Mandel (wo meine Mutter
3556 95 3669 225 32
