3758 4683
2015 288 2791 449 Adelboden, 3.8.1926.
2001 403 2483 497 nach Wien)
650 468 3275 621 Mein Liebes, seit das Wetter schön geworden streif ich die Gegend
687 600 3446 761 nach allen Seiten ab und finde, dass Adelboden ein Ort von besonderer
680 772 3330 907 Anmut ist und auf die Sackgassigkeit seiner Lage (die einem wenig
685 906 3367 1076 zum Bewumstsein kommt, hat das gute, dass es keine Automobile gibt -
671 1002 3484 1167 da von hier kein Weg weiter führt. Von Kandersteg, wo Heini neulich am
672 1147 3323 1313 Schluss einer grösseren Partie landete, war er wenig entzückt. Ich
653 1292 3519 1442 nehme an, dass meine Brudersleute heute dort ankommen und mich antele-
657 1398 3514 1611 fonieren werden. Die Stimmung ist hier eine leidliche; und die Gesprä-
657 1551 3509 1701 che, insbesonders über Lili, werden mit theoretischer Klugheit geführt.-
892 1622 1140 1707 herum
654 1657 3497 1838 Um 11. werden wir wohl alle zugleich A, verlassen; O. mit Lili wohl
664 1820 3307 1961 direct Lido; ich mit Heini Bern oder Zermatt; am 14. oder 15. wird
639 1915 3464 2105 er nach Berlin und wir, Du und mich, treffen uns entweder in Bern selbst
663 2072 3346 2220 oder, wenn ich schon einen sympathischen Ort ausgemacht habe, gleich
655 2192 3335 2343 dort. Da Du doch voraussichtlich in Interlaken seid wirst, dürftest
643 2334 3365 2468 Du keineswegs einen weiten Weg hin haben und wo immer es sein wird,
626 2439 3451 2633 Deinen schönen Traum können wir dort in schönster Weise zu Ende träu-
642 2600 3293 2739 men. (Uebrigens fangen Deine Briefe an, so sehr sie im übrigen den
636 2706 3201 2846 meinen vorzuziehen sind, an Unterlichkeit diese zu übertreffen).
630 2844 3431 2989 Hinsichtlich Laudin theil ich Dein Gefühl und Dein Urtheil durchaus; -
643 2992 3348 3120 es mag sein, dass mein Urtheil etwas milder ist, - hingegen wehrt sich
627 3088 3291 3228 mein Gefühl - nach erledigter Anerkennung oder Bewunderung noch -
683 3231 2406 3374 heftiger gegen diese eitle Schwindelseele.-
659 3329 3427 3553 Im "letzten Kapitel" bin ich noch nicht weit; - aber von der Hamzunschen
2040 3465 2544 3557 vollkommener
629 3516 3421 3673 Atmosphäre, die eben die Atmosphäre wahrheit ist, schon völlig
628 3626 3464 3760 eingefangen.- In meinem eigenen Roman (oh Blasphemie die beiden neben-
623 3743 3272 3920 einander zu nennen) komme ich vorläufig ziemlich rasch weiter; -es
652 3901 3428 4069 war doch sehr gut, dass ich ihn auf die Reise mitnahm. - Ein unannehm-
613 4025 3451 4208 barer Filmantrag Liebelei wurde mir von der Hofrätin Eisenmenger über-
604 4163 3380 4339 mittelt und sofort abgelehnt. In den neuen Programmen der Barnowsky-
607 4288 3250 4425 Bühnen ist von mir mit keinen Wort und mit keinem Stück die Rede.
3483 91 3638 251 322
