3674 4707
558 325 1372 495 An A.S. nach Berlin.
1987 362 3177 522 Wien,1.1927. 10 Uhr Früh.
549 603 1066 736 Mein Liebes,
1038 746 3272 880 ich liege natürlich noch im Bett und will das neue Jahr
559 883 3401 1013 und den neuen Tag damit beginnen Dir zu schreiben. Mir gegenüber steht
543 1026 3444 1142 ein märchenhafter Fliederstock und ich sage Dir innigen gerührten Dank,
530 1133 2709 1289 dass Du auch daran gedacht hast. Ich freue mich sehr.
1083 1280 3504 1426 Nun zum gestrigen Abend. Dein kleines Stück war sehr reizend
553 1404 3395 1541 und näurlich die einzige Leistung des Abends, die Niveau hatte, aber die
558 1540 3437 1676 weibliche Rolle war mit der Servaes elend besetzt. Dieses grosse, starke
547 1652 3316 1833 Frauenzimmer war viel grösser als das Fenster, an dem sie stand. Ihre
546 1801 3377 1935 groben schlechten Bewegungen, ihre fettige Affektation passten schlecht
553 1943 3310 2099 in diese wie hinter einem Schleier spielende Szene. Horch hätte mich
516 2051 3372 2210 für diesen Abend engagieren sollen! Molnars Stück war unheimlich blöd,
574 2189 3462 2322 nur durch das angenehme Spiel Hermann Thiemigs und das noch angenehmere
547 2328 3419 2471 von den Beinend er Lili Darvas erträglich. Aber der Erfolg des Abends -
548 2449 3382 2604 oh Publikum! - war die Tanzeinlage aus "Viktoria" mit Darvas und Hans
578 2581 3424 2717 Thiemig und der Auftreten der drei Thiemigs, Vater, Hugo und zwei Söhnen
534 2709 3409 2875 als Akrobaten in grellroten Trikots. Mans brüllte vor Begeisterung. Das
526 2837 3448 3002 Theater war ausverkauft. Gisela B. begleitete mich dann bis auf den Ring
534 2991 3446 3118 zu einer Elektrischen, da die Nebenlinien, z.B. die Zweier, nicht mehr gin-
533 3124 3316 3280 gen und um 3/4 2 war ich im Bett. Heute bin ich noch ganz programmlos.
527 3212 3361 3358 Gestern Abend vor dem Theater war Otto bei mir, um mir meinen Roman zu-
519 3368 3357 3500 rückzubringen. Er findet ihn ausgezeichnet, machte aber für den Schluss
519 3496 3405 3626 genau dieselben Einwendungen wie Du. Er glaubt auch, dass es mit der Um-
521 3640 3444 3772 stellung des Epilogs behoben sein wird. Ich bin neugierig, was Du mit xxx
543 3768 3509 3915 W. gesprochen hast. Auch die Unterredung Schröder interessiert mich sehr.
516 3873 3362 4050 Was hast Du eigentlich wegen des Films "Spiel im Morgengrauen" bespro-
516 3980 3398 4166 chen? Ich bin neugierig, ob marnowsky sich noch meldet. Ob Du Dich nicht
510 4156 3406 4286 doch bei ihm irgendwie bemerkbar hättest machen sollen? Er wird es si-
3371 116 3521 325 370
