3771 4710
638 269 1256 450 Tgb. 7.2.1930.
2148 426 2300 536 war
656 449 3273 607 bei ihm. Er hatte arge Kopfschmerzen, aber doch sehr lieb. Ich
656 653 3384 771 brachte ihm eine Brieftasche und Veilchen. Wir hatten uns sehr lieb
667 781 2719 904 und feierten den Abend!! (Kälteres Wetter 3 Grad).
665 913 3317 1071 8.2. Anna Nachmittag bei mir.Schade, dass sie so närrisch ist. Sie
664 1074 3271 1211 lässt ihren Kindern alles angehn und dann kriegt sie Angst. Ich
675 1231 3355 1351 sagte: "Du lässt immer Züge abgehen und dann rennt du hinterdrein
675 1331 3355 1449 und willst sie aufhalten.“ Sie gibt französische Stunden und kauft
1622 1448 1675 1518 un
661 1468 2374 1641 ihrem Sohn einen Frack 450 Schilling.
674 1668 3270 1801 9.2. Nachmittag Raut imOesterreichischen Klub. Von Bertha Z. für
746 1825 3174 1940 Painlevé (Sohn) arrangiert. Abend bei A. Stille Zärtlichkeit.
663 1989 2663 2139 11.2. "Blaubart" mit Slezak. Wundervolle Musik.
658 2199 1949 2378 13.2. A. zum Nachtmanl bei mir.
666 2349 3461 2524 14.2. Gisela Berger, Lotte Menasse und Frau Clauser zur Jause bei mir.
675 2509 3466 2659 Besonders gemütlich, dann mit A. im Kino. Nachher im Imperial. Vormit-
668 2640 2032 2811 tag auch mit A. in der Succession.
678 2794 2461 3028 16.2. Schöner Spaziergang und gute Stimmung.
665 3030 3404 3131 17.2. Gestern Abend bei A. Er war zum Verzweifeln nervös. Erst über
679 3188 3502 3280 Unbehagen im Magen geklagt, dann mit bestem Appetit gegessen. Nachher
676 3299 3320 3442 plötzlich Depression angeblich wegen seines Gehörs, vielmehr wegen
679 3448 3258 3555 des Geräusches in den Ohren. Dabei erklärte er, dass es um nichts
674 3562 3395 3698 schlimmer geworden ist, dass nur seine Nerven nichts mehr ertragen.
682 3710 3404 3831 Rennt im Zimmer auf und ab und ist unduldsam gegen alles, was man zu
679 3822 3421 3993 seinem Besten sagt. Als ich gehe sagt er: "Ich danke Dir für die Ge-
679 3974 3380 4131 duld, die Du mit mir hast". Ach, es ist nicht Geduld, sondern nur eine
680 4091 3217 4231 grosse Zärtlichkeit, die er nicht versteht. Erkmacht mir Sorgen.
668 4218 3187 4369 Erstes Bild "Charlotte Corday" diktiert, bin nicht unzufrieden.
3549 112 3672 254 28
