3782 4638
2181 277 2898 407 Wien, Nx 9.7.1930.
2097 350 2728 487 (nach Karlsbad)
584 446 3295 604 Mein Liebes, beinahe alles stimmt, was Du über den "Zug" sagst, -vor
627 618 3454 732 allem die besondere Schwäche des 7.Bildes (Logengang); - auch die Un -
615 754 3359 891 vermitteltheit des Entschlusses im Kaffeehaus-Akt,- in Hinsicht auf
621 874 3335 1034 Richard Helene,Roveda bin ich nicht so überzeugt.- Im ganzen bleibt
606 998 2903 1170 es xxxxxxxxx mir einmal was ziemlich unbeträchtliches.
626 1134 3391 1269 In der Corday find ich die Traumscene vieleicht das beste, was Du je
1138 1228 1529 1309 die Verse
612 1245 3461 1397 geschrieben; xxx xxx mit ein paar kleinen Ausnahmen schön, der Bau
585 1396 3470 1516 des Ganzen sehr gelungen; -wichtig würde sein die Gespräche zu xxx
601 1531 3388 1648 konzentrieren und zu intensivieren - die Gespräche könnten fast alle
603 1666 3535 1812 kürzer sein. Gegen Vorspiel und Nachspiel werden Bedenken nicht fehlen; -
616 1804 3371 1928 ins Buch gehören sie jedenfalls. Angestichen habe ich beinah nichts;
1848 1880 2142 1967 Führung
598 1922 3501 2048 denn im einzelnen ist gegen die Räumung des Dialogs kaum etwas einzuwen-
614 2073 3376 2193 den. Verdichtung tut not (nicht überall). Publikation der Traumscene
606 2197 3506 2324 schiene mir vorteilhaft - vielleicht auch für das Schicksal des Stückes
615 2307 1347 2449 im äussern Sinn.-
602 2425 3346 2586 Ich hatte heute einen elenden mühseligen Tag. Vormittag brachte ich
609 2578 3433 2732 Gustav ins Child-Sanatorium (die einstige gynökologische Abteilung bei
584 2716 3361 2841 Löw). Besprechung mit dem Assistenten Dr.Hammerschlag, Julius; -Gustav
599 2837 3401 2984 wollte sofort wieder fort; - heute Abend fand ich ihn bedeutend ruhi-
603 2972 3354 3084 ger, so dass ich fast Hoffnung hege ihn zum Verbleiben zu bestimmen.-
598 3100 3462 3245 Vor diesem späten Abendbesuch bei Dr. Geyer im Josefstätter Theater. Ge-
648 3174 924 3263 spräch
583 3246 3414 3381 über Weites Land Edthofer, - schon ist Widerstand von Berlin her
588 3369 3244 3497 zu spüren. Vor allem will Geyer natürlich das neue. Ich denke ihn
593 3482 3325 3594 Anfang September nach Korrektur den "Zug" lesen zu lassen. Eine junge
603 3628 3415 3765 Schauppielerin sprach uns die W.... vor, aber das dauerte nicht lang.-
595 3703 3347 3860 Noch früher Tonfilmverhandlungen: Direktor Deutsch (so hat jeder den
590 3897 3385 4006 seinen), Dr. Müller, Dr. Hofmann. Habe den Eindruck, dass auch hier Gegen-
592 4026 2924 4145 strömungen am Werk; - jedenfalls noch fern vom Abschluss.-
582 4136 3439 4303 Gestern Dr.Lipzin und Frau; er zeigt mir die Vorabeiten zu seinem Buch
