3771 4618
634 246 1043 384 6.6.1931.
571 454 3377 577 forcierte Liebennwürdigkeit. Später während Heini Klavier spielte wurde
558 616 3383 764 mir plötzlich vom Herzen ausgehend sehr schlecht, hatte das Gefühl vom
549 710 3404 848 Sessel zu fallen und furchtbare Herzklopfen. Minna brachte mir Wasser
561 835 1799 1015 und begleitete mich nachhause.
555 954 3343 1128 Heute Vormittag am Friedhof. Sterbetag meines Vaters. Dann im Spital
552 1116 3481 1234 Else besuchen. Diffuse Bronchitis, aber man weiss noch nicht, was dahinter
557 1238 3494 1365 steckt. Sprach auch Carry. - Am Abend kwar mit Bassermann und Heini
560 1355 971 1501 als Naar.
546 1422 3494 1665 7.6. Gestriger Abend für Heini glaub ich sehr günstig. A. gegen mich von
560 1640 3404 1783 unmeichreiblicher Kälte und Gleichgältigkeit. Claumer im Haum, die mich
562 1771 3439 1906 sehr kurz und spitz grüsste (Ferry Donath sagte," das war kein Gruss, son-
560 1875 3520 2054 dern ein Nickerchen"). Sie sah elend aus. Nachher mit Donaths (die mit uns
560 2042 3390 2176 in der Loge waren) und Familie Julius S. in Imperial. Ich sprach recht
550 2135 802 2270 viel.
547 2223 3395 2456 8.6. Gestern Mittag bei A. mit Heini und dem alten Schwarzkopf. Es war
548 2409 3499 2573 nicht mehr heiter, trotzdem ich sehr gesprächig war. Abend mit A. im Kino.
539 2548 3474 2707 "Der General" mit Veidt und Tachechowa. Recht guter Film. Nachher im Hof
544 2682 3451 2817 vom Deutschen Haus gemachtmahlt und zum Schluss wieder Pathephonkonzert.
541 2813 3426 2960 Auf der Heimfahrt bekam ich einen Weinkrampf, den A. einfach ignorierte.
543 2915 3494 3066 Diese Abende machen mich krank. Unaufrichtigkeit, Lüge, Kälte zwischen uns.
533 3054 3350 3196 Heute Abend will er zu Hagenbeck gehen, obwohl ich ihm direkt sagte, es
526 3196 3473 3323 hätte nur einen Sinn, wenn er Wert darauf legt. Ich brauche diese Abende
543 3303 1017 3446 nicht mehr.
537 3461 3534 3651 Nach Tisch recht rasch abklingende Gallenschmerzen, die ich durch Papeverin
539 3566 3502 3750 koupierte. Harrys Plan nach Südamerika zu geben gewinnt festere Formen -.
529 3730 3328 3870 9.6. Gestern Hagenbeck-Voratellung. Gut aber zu lang, besonders, da ich
523 3854 3542 4007 mich nicht sehr wohl fühlte und sehr fror. Das Wetter seit Tagen unsicher,
522 3969 1004 4120 regnerisch.
508 4101 3323 4298 Heute Einladung von Frau Glauser für Donnerstag Abend. Ich habe mein
523 4257 2332 4421 Kommen von meinem Befinden abhängig gemacht.
3508 109 3658 273 184
