3771 4723
664 298 1353 491 Forts. v. 23.2.193
676 522 2401 633 pportunistisch wichtig wäre. Vergnügen?? -
647 660 3360 805 Carry eine Ablagerung der Furunkel in den Rippen. Bin noch rasch zu
663 794 3337 924 ihm ins Spital gefahren, da ich selbst sicher morgen liegen werde. Er
654 927 3388 1105 hat 38 Temperatur, eine Incision möglich. Gibt jetzt selbst zu, durch
636 1044 3021 1186 Verschlampung der Gesichtsfurunkel es verschuldet zu haben.
1183 1196 2578 1317 votre besoin aussi la foisse de l'affaire, mais
796 1296 3305 1443 Herrn vor der Käuferatung und Grippe zu Bett. Von Cary bessere
640 1455 3275 1585 Berichte, wenn auch Incision noch nicht ganz ausgeschlossen. Mein
595 1546 2175 1682 Befinden seelisch und physisch elend.
613 1695 3287 1846 A. am Abend hier, obwohl ich ihm abriet. Wahrscheinlich wegen Radio.
642 1844 3459 1979 Programm: Strauss-Lehar: Land des Lächelnds.Er hörte im andern Zimmer
619 1977 3486 2146 zu. Dann nachtmahlte er. Denn sass er stumm wegstarrend an meinem Bett.
601 2105 3214 2263 25.8. Carry im gleichen. Ich 37.4. Matt und hin.Gespräch mit Frau
582 2222 3355 2362 Z solnay. Wenig Aussicht für die Novellen. Um 3 Uhr Anruf Graf Thun.
597 2360 3485 2527 Negativer Ausfall des Besuchs seiner Frau bei Wild ganz. Stück zu episch,
575 2491 3355 2617 will es nicht nochmals lesen. Jetzt fehlt noch eine Absage Benedikts
581 2588 3440 2767 für meine Novelle, dann kann ich nicht einmal meine Versatzscheine aus-
596 2738 885 2864 lösen.
592 2823 3404 3038 26.2. Mein Befinden physisch und psychisch elend. A. Nachmittag einen
585 3008 3448 3193 Augenblick bei mir. Ich weiss nicht wozu. Kälte und Entfremdung nehmen
592 3168 3223 3277 zu. Ich erzähle A., dass am 28. das Konzert (mein vertontes Gedicht)
595 3285 3273 3455 stattfindet. Er antwortet, er gehe mit seinem Bruder zum Konzert der
587 3408 3136 3552 Lili Krauss.Carry geht es gottlob besser. Ich lese Schalom Asch.
581 3518 3311 3663 27.2.38 Temperatur. Heute Dejeuner bei Auernheimers für Colette.Auch
580 3625 3196 3808 das versäum ich. A. geht allein.A. war übrigens auch bei Ferry zu
572 3782 3285 3935 Tisch eingeladen (mit Lili Krauss), hatte "leider" schon vorher bei
578 3922 1463 4095 Auernheimer zugesagt.
574 4064 3329 4193 Abend sich bei mir angesagt, weil im Radio "Die verkaufte Braut" war.
564 4216 3338 4373 Ich musste dreimal aus dem Bett, um ihm des Radio einzustellen. Er hat
3521 133 3661 311 154
