3771 4654
706 298 1348 462 Tgb. 22.4.1931.
708 445 3410 638 Kinder nach Lugano fahren. Ich danke Gott, - der göttlichen Macht, die
694 623 1911 795 ich fühle, ohne sie zu kennen.
702 757 3352 921 23.4.Die Ehe Ruth-Meini scheint schon erledigt zu sein,Heini hat
701 889 3523 1001 seinem Vater geschrieben, genau das getan, was ich durch Dr.D., (der sich
754 999 2257 1139 nicht meldet) verhüten lassen wollte.
714 1120 3427 1303 Abend mit A.Kino bei "Sturm in Wasserglas". Er ist nervös, unfreund-
709 1240 3394 1402 lich. Wir gingen dann Jeder für mich nachhause nachtmahlen. Er be-
709 1373 3275 1579 gleitete mich bis zu meiner Tür (zu Fuss), obwohl ich noch hinke
697 1507 3424 1714 nahm er nicht einmal meinen Arm. Mir ist oft, als müsse ich auf und
781 1687 1070 1818 davon.
709 1755 3502 1916 24.4. Die Kinder Carty - Magdi zu Tisch zum ersten Mal seit 2 Monaten.
701 1920 3298 2060 SDie Sonne nicht so intensiv als ich gewünscht hätte, damit Carry
1522 2023 1634 2110 20
704 2064 3427 2233 in der Sonne sitzen kann; sie sind Beide lieb und herzig. Wenn wir
688 2226 3517 2335 nur Alle etwas mehr Geld hätten.- Mit A. Abend bei "Nora" nit Sybille
698 2320 3464 2433 Binder, dann bei Meisl genachtmahlt. Das Stück bleibt wundervoll. Der
702 2433 2672 2565 Abend quälender und öder noch als alle früheren.
708 2576 3400 2730 25.4. Mittag carry, Magdi, Harry. Carry wieht schon viel besser aus.
705 2725 3450 2830 Er sagte, ich hätte es viel nötiger auf Erholung zu gehen. Mit A. ge-
748 2845 3307 2968 reiztes telefonisches Gespräch, da ich mich w eigere morgen Abend
715 2984 3519 3107 mit Dr.D. und Frau bei ihm zu nachtmahlen. Dr. D. hat sich elend gegen
703 3093 3538 3223 mich benommen und bei meiner Gereiztheit und Nervösität ist ein Zusam-
702 3248 3352 3374 mensein sinnlos. A. kam herüber und es wurde daraus leider wieder
713 3357 3461 3487 eine Auseinandersetzung, die ich so lange verhütet habe. Ich weinte, -
721 3495 3515 3667 er war gerührt und nützen wird es doch nichts. Ich sagte ihm, ich halte
703 3621 3424 3784 dieses Leben nicht mehr aus. Wenn er nicht anders wird, so werde ich
710 3766 3258 3903 unserer Beziehung ein Ende machen. Ach, was sagte ich ihm alles!
705 3895 3435 4025 Sonntag, 26.4. Vorm. mit A. in den Dornbacher Park gefahren und eine
690 4009 3459 4183 Weile spazieren gegangen. Frühling um uns und wir beide müde, zerbro-
698 4140 3335 4296 chen.-Abend mit Dr. D. und Anny, mit Humor erledigt, - was bleibt mir
3537 100 3677 228 165
