3771 4723
695 319 1329 479 Tgb. 28.9.1930.
690 482 3250 697 Vormittag noch zu ihm kommt, da sie um zwei Uhr abreist. Er hält
715 658 3246 794 mich wirklich für sehr dumm. Ich soll Mittag zu ihm, werde sehr
675 798 3385 927 freundlich sein. Szenen - nein! Das ist vorbei. Aber wie du mir, so
695 920 3273 1051 ich dir, wenn auch mein Herz blutet. Macht ihm so eine Beziehung
696 1061 1366 1179 Vergnügen, bitte!
692 1168 3291 1315 4 Uhr. Gegenseitig freundlich-liebenswürdig, nichts Persönliches.
696 1321 3484 1457 Er liest mir Hugos Briefe an Minnie B. und ihre Mutter vor. Wie viele
691 1408 3409 1568 Erinnerungen sind für mich mit jener Zeit verknüpft. Die Briefe wun-
686 1569 3475 1735 derschön, aber verlogen und verleugnend. Wer weiss das besser als ich.
699 1705 3295 1843 Wenn man denkt, dass Minnie aus dem Irrtum, daß ich mit Mimi sie
731 1807 3387 1955 gemeint habe, in niedrigem Rachegefühl den anonymen Brief an meine
688 1948 3452 2084 Eltern schrieb oder schreiben liess, der meine Einakter in der Freien
695 2085 3408 2251 Bühne (Neue Deutsche Rundschau) mit dem Prolog Hugos verriet und so
663 2257 3388 2395 mein Leben in die Bürgerlichkeit zurückwarf,könnte man fast sagen:
696 2368 3438 2536 schicksalhaft, - wenn ich nicht wüsste, dass mein Wille zu schwach war.
677 2495 3374 2646 29.9. Gestern Abend eine der widerlichsten Szenen zwischen uns. Er
670 2641 3431 2753 frug mich, was ich morgen Abend tue. Ich sagte, ich bin nicht zuhause.
681 2744 3320 2906 Er wollte durchaus wissen, wo ich bin. Ich erklärte, dass ich keine
683 2899 3343 3010 Veranlassung habe Rechenschaft abzulegen, da wir ja angeblich "frei"
717 3023 3442 3118 sind. Ich % antwortete lächelnd, aber es wurde daraus, eine hässliche
675 3140 3336 3315 Auseinandersetzung. Er möchte alleswissen, was ich tue und
679 3264 3332 3375 mir von sich erzählen, was ihm passt. Er behauptet, er verheimliche
675 3391 3279 3568 mir nichts. Ich habe nicht zu verheimlichen. Aber unmöglich ihm
677 3552 3394 3684 irgend etwas plausibel machen zu wollen und ich bin für alles schon
682 3667 991 3798 zu måd.
668 3765 3278 3930 Mittag bei Anna. Nachmittag beim Clara H., Abend mit A. Man findet
668 3932 3054 4048 mühsam wieder in einen anständigen Konversationston zurück.
674 4036 3524 4164 30.9. Charmanter Brief von Hofrat Pirquet. Er styglücklich, dass wieder
662 4191 3558 4370 etwas von mir in der Presse erscheint. Ueberschrift: "Verehrte Meisterif
3555 99 3695 288 100
