3759 4666
1599 279 1967 425 Tagebuch
1657 404 1986 496 <gap/>
587 424 1040 582 29.7.1926.
588 640 3302 785 Franzose keine Ahnung von der deutschen Sprache und kein Gefühl für
583 771 3454 941 Stil hat. Liege seit 8 Uhr bereits im Bett. Carry war einen Augenblick
574 887 2773 1015 hier gute Nacht wünschen, da er zu seinem Bruder ging.
596 1044 3368 1183 30.2.1926. Zu Bett. Regen, Kälte, Einsamkeit. Um 5 Uhr Früh an A. ge-
597 1145 3347 1328 schrieben. Schlaflos. Das 4.Kapitel überdacht und weitergeschreiben.
582 1260 3317 1454 31.7.1926. Gut geschlafen. Gegen Morgen seltamer Traum. Ich tanzte
585 1434 3386 1557 mit A. unter freiem Himmels des Nachts - ein beleuchtetes Haus in der
556 1547 3369 1736 Nähe und Musik. Wir tanzen einen modernen Tanz. Es ist sehr erregend.
584 1684 3306 1820 Eine Art Luftschiff kommt plötzlich aus der Höhe, senkt sich in fast
588 1826 3382 1965 greifbarer Nähe. Ich sage lachend zu A.: Wir könnten uns anhängen und
579 1944 3260 2085 eine Weile mitfliegen. Aber er meint, es könnte plötzlich sehr hoch
589 2084 3265 2205 gehen und es wäre dann nicht mehr möglich abzuspringen. Wir tanzen
573 2187 3496 2329 wieder, er ist sehr zärtlich. Leute kommen aus dem Haus, gehen wohlwollend
571 2340 3394 2508 grimmend und lachend vorbei. Die Lovsky vom Volkstheater aber ist da-
576 2475 3300 2623 bei. A. sagt: "Diese Art Leute unterhält sich immer", worauf ich ihn
570 2581 3215 2772 frage, ob er findet, dazu wir uns nicht unterhalten. Er erwiedert:
583 2721 3420 2864 "Das zwischen uns ist doch mehr als sich unterhalten" oder so ähnlich.
565 2847 2404 3000 Wir umschlingen uns wieder und - ich erwache.
548 2974 3156 3132 Der Himmel ist blau und ich rede mir ein, es ist ein schöner Tag.
558 3111 3356 3247 Ich habe mich geirrt. Mit der Morgenpost eine Karte von A., später Ex-
533 3224 3295 3429 pressbrief. Ein Bericht - ich hatte Beasseres erwartet. In der Stadt
528 3352 3328 3522 von Wolkenbruch überrascht, patschnass nachhause. Ich habe vorderhand
604 3509 3354 3644 nicht die geringste Lust auf diese Reise in die Schweiz. Das 4. Kapi-
549 3614 1516 3784 tel macht Fortschritte.
551 3790 3401 3961 Am Abend wieder ein Expressbrief, Antwort auf den meinen. Es bleibt na-
553 3921 3507 4041 türlich bei der Schweiz. Ich woll am 8. nach Zürich, dort die P.'s treffen
545 4020 3222 4181 mit ihnen nach Interlaken und gegen den 15. A. treffen und bis 25.
529 4165 3267 4325 mit ihm bleiben, denn ein paar Tage allein, dann nochmals mit ihm zu-
3480 105 3641 242 302
