3771 4654
681 206 1314 373 Tgb. 16.4.1931.
655 429 3479 569 gut geht, aber ich bin doch so entsetzlich müd, dass ich am liebsten im
669 565 3451 672 Bett liegen und schlafen möchte. Und dabei mehne ich mich nachleben
672 675 2521 810 und Bewegung, ich kann nur nicht mehr weiter.
673 789 3399 959 17.4. Vorm. Friedhof, Sterbetagymeines Mannes, ich gehe hin, weil nie-
664 957 3518 1115 mand mehr sich um ihn den "Vielgeliebten" kümmert und er mir leid tut.
661 1071 3368 1224 Dann bei Carry, der in strahlender Stimmung ist, gestern eine Stunde
667 1222 2414 1370 ausser Bett, heute schon Vor- und Nachmittag.
649 1335 3478 1512 Habe heute Früh endlich Cjäusers eingeladen für Mittwoch oder Freitag
707 1470 3348 1621 Abend (wann der Mann eben frei ist), nachdem ich mich Auernheimers
704 1607 3351 1732 versichert habe, da A. diese Zusammenstellung endlich billigte. Am
693 1744 3468 1904 Nachmittag teilt mir A. mit, dass er Auernheimers für mich ausgeladen
662 1775 724 1903 de
667 1875 3434 2046 und für übermorgen Sonntag zu sich gebeten hat und ich soll Clausers
666 1996 3504 2135 auch zu ihm bitten. Dieses Vorgehen ist unwahrscheinlich, denn er weiss
674 2142 3423 2271 ehr genau, dass der Mann der Cl. am Sonntag fast sicher auf der Jagd
655 2281 3452 2427 ist und ausserdem hindert er mich seit vorigem Winter mich bei diesen
645 2370 3364 2565 Leuten zu revanchieren. Ich sehe Sinn und Zweck nicht, aber ich sage
639 2514 3296 2653 nichts mehr, ich bin zu müd. -Abend im Kind "Oberst Redl", dann Re-
639 2640 3252 2809 staurant Weisser Hahn. Kein Wort über Einladung gesprochen, wozu?
648 2761 3366 2962 18.4. Mit Frau Claumer telefoniert, ihr gesagt, was A. getan hat, dass
643 2894 3393 3078 ich völlig unschuldig bin und nicht klar in der Sache sehe, aber dass
652 3025 3412 3219 ich jede Aufregung vermeiden will wegen A.'s Nerven, vielleicht finde
639 3147 3317 3304 er es bequemer so. Sie sagte, es sei ihr ein wenig unangenehm wegen
634 3278 3482 3441 ihres Mannes, der wirklich am Sonntag auf der Jagd sei und denken könn-
627 3448 3484 3619 te, A. wollte ihn nicht sehen, aber sie komme und betrachte sich als von
632 3577 3507 3743 mir bei A. eingeladen. Ist wie falsch, - was ich noch nicht glauben will-
628 3674 3398 3851 dann die Hundspeitschei-Regen, Kälte. -Gottseidank Cary geht es gut.
620 3814 2986 3957 Henry zu Tisch bei mir. Wir haben uns nicht viel zu sagen.
609 3926 3477 4070 20.4. Gestriges Mittagessen bei A. (Frau Clauser ohne Gatten), Auernhei-
616 4097 3272 4246 mers, Beer-Hofmanns. Frau Clausser wurde bei Tisch schwindlig. Ich
3551 113 3697 259 163
