3743 4647
454 96 619 265 rs.
368 251 887 426 P5. Oktober
372 403 3409 587 Sonderbarer Traun von A. Von einer Wiese auf der ich mit ihm und meinen Bu-
385 544 3457 708 ben (die 4 und 6 jahre alt waren) sass und woches von Marien-Käfern wimmel-
378 680 3496 865 te. Ich sagte: Schau wie schön, das bringt Glück! "Die Gegend war der Sem-
369 788 1296 947 mering meiner Jugend.-
359 939 3419 1095 Heute N. M. Fr von Schaible bei mir, die mir von der bevorstehenden Schei¬
366 1033 3481 1237 dung ihrer Tochter erzählte. Besonders liebe gute Frau. - Einsamer Abend
373 1184 3152 1374 zeitlich zu Bett, um nicht an A's Zusammensein mit Fr. Cl. zu denken.
376 1261 668 1364 16 ten.
355 1336 3318 1508 Mit A.V.M. spazieren gegangen. Nur kurze Zeit. N. M. am Roman gearbeit
368 1449 3467 1628 tet. Abend mit A. im Kino. "Der Blitzer " sehr fadero Film. Dann "Meingartel"
368 1550 3294 1734 genachtmahlt. A. sprach schon Vor-Mittag viel über den gestrigen Opern-
361 1667 3417 1887 Abend aber ich reagierte nicht. Zwischen den zahllosen Briefen auf den Sen-
364 1854 3269 2017 maring und diesen angeblich so seltenen Zusammenkünften, liegt zu viel
362 1962 3401 2110 Unaufrichtigges und Ungeklärtes. (Nach seinen Mitteilungen hätte er sie in
347 2099 3470 2283 diesen 4 Wochen 2mal gesehen - Ich weiss es ist nicht war, aber ich schwei-
354 2251 3364 2430 ge. - Die Oper soll sehr schön gewesen sein der Bub sehr begeistert, und
344 2340 3394 2531 er hat mit dem Gatten über die finanzielle Lage gesprochen. Nachher hat er
337 2445 1657 2633 allein im "Meiss" " genachtmahlt.
2828 2595 2996 2702 ich
350 2628 3437 2769 17 ten V. M. bei schönen Wetter kurzer Spaziergang mit A. dann (in die Stadt
424 2697 525 2767 A.
335 2752 3366 2915 und nach Hause. Ich Mittag bei meiner Schwester, wo es ganz gemütlich war.
325 2857 3379 3074 Maria die ganze Zeit anwesend 6 sie ist; netter geworden) und daher Fra
329 3020 3369 3183 gen und Antworten gottlob nicht möglich. Abend A. wieder bei mir Radio hö-
328 3145 3322 3348 ren. Er sogleief viel und war im ganzen weniger wol und wenigen freundlich,
337 3263 3484 3433 ich desto netter zu ihm. Ich sass still und liess seinen Kopf an meiner Schul¬
326 3356 1436 3562 ter ruhen. Ich bin Traurig.
332 3527 3358 3691 Ißten Oktober - Wunderschöner Herbst - Sonntag aber A. will einen Besuch bei
319 3647 3338 3837 einer alten Dame (Fr. Singer die ihn einmal unglücklich liebte) in einen
301 3796 3388 4000 Nerven- Sanatorium (neue Klinik) machen. Ich gieng allein spazieren, traf
319 3901 3399 4145 ihn zufällig an Weg zur Ellektrischen in der Türkensch. Str. und begleitete
314 4033 3234 4266 ihn bis zur Haltestelle. Ich bummelte allein weiter und trug später Wote
310 4157 1902 4358 Rosen zu ihm. (Ehe er zu Hause war).
287 4310 1818 4524 Abend gehen wir ins Akad. Theater
3498 113 3669 299 251
