3787 4703
2058 341 3378 483 Bemmering,20.8.1928. 8 Uhr abend.
629 561 3382 660 Mein Liebes, und wieder ein Tag vorbei. Es ist wie ein Pensum, das man
648 666 3331 789 absolviert hat und doch erscheint es mir fast undankbar, in dieser
643 792 2331 943 wundervollen Gegend nicht froher zu sein.
636 936 3376 1093 Heute Früh bin ich wieder zum Frührtück in die Meierei gelaufen (es
649 1084 3498 1188 ist halb so teuer wie hier im Hotel) und bin in der Sonne gesessen, bis
649 1179 3374 1365 Emmy R. (wir hatten es telefonisch vereinbart) mich dort holte. Dann
632 1314 3492 1451 gingen wir über eine Stunde lang weiter gegen den Orthof zu und zusam-
640 1470 3373 1599 men zurück und in das sogenannte Stüberl des Südbahnhotel, wo wir zu
637 1594 3451 1711 Mittag anmen. Ausgesprochenes Beisel, aber billig. Dann ging ich heim,
638 1732 3445 1875 lag, schlief, las und dachte bis gegen 6 Uhr. Von 17-8 machte ich einen
644 1852 3454 2002 kurzen Spaziergang auf die Hochstrasse und kaufte mein Nachtmahl ein -
624 1972 3445 2135 Schinken und Opst, das ich soeben verzehrte. Später setze ich mich noch
644 2110 3398 2250 eine Weile in die Halle hinüber, um nicht so allein zu sein. Meine ei-
638 2221 3480 2361 genen Kümmernisse, Sorgen etc. habe ich an die Kette gelegt, wie böse Hunde, -
628 2363 3354 2538 ich weiss von ihnen und dass sie sich losreissen und über mich her
645 2502 3357 2671 fallen können. Aber ich will nur an Dich denken und das gelingt mir
634 2644 3247 2759 sehr leicht, weil das fortwährend Umdichwissen schon so zu meiner
624 2754 1331 2904 Existenz gehört.
621 2923 3481 3041 Heute war ich natürlich ohne Nachricht von Dir, aber es konnte ja keine
630 3018 3225 3170 kommen, da gestern Sonntag war. Morgen wird wohl ein besserer Tag.
627 3169 3361 3309 Gestern Abend, als ich Ennys Anruf in der Halle erwartete, wurde dort
623 3301 3391 3415 getanzt. Ich sah Edina, die Tochter der Mizi W. tanzen und ich sah sie
614 3388 3435 3569 flüchtig auch vorgestern Abend. Auch über diesem kaum 16jährigen Wesen
626 3560 3341 3692 steht irgend eine bedrohliches Schicksal, wenn auch anderer Art. Das
625 3705 3461 3829 sage ich Dir heute. Von dieser Frühreife machst Du Dir keinen Begriff.
617 3815 3459 3917 Arbeiten kann ich noch nicht. Ich habe heute das kleine Buch von Eulen-
610 3940 3413 4095 berg gelesen: "Alles um Liebe", aber trotz Anerkennung, grosser Begabung
613 4067 3304 4218 hat es mich nicht beglückt. Stark shakespearisierend, verworren und
625 4173 3422 4373 monoton gleichzeitig. Aber vielleicht versteh ich nichts, ich bin ohne-
628 4307 3365 4464 dies schon ganz irre an mir, obwohl ich nie zu Ueberschätzung geneigt
612 4401 3419 4514 habe. So und nun Schluss, damit der Brief heute noch fortgeht. Ich danke
598 4503 2435 4619 zu dir hin in Sehnsucht und Liebe. Deine C.K.
3441 120 3567 237 141
