3743 4714
2156 302 2791 460 Wien, 27.7.1928.
705 499 3335 645 Mein Liebstes, Du ahnst nicht mit welchen Gefühlen ich Dich heute
764 621 3240 806 fortfahren sehe, wie klein, wie erbärmlich ich mir vorkomme, so
713 793 3409 882 nichts, gar nichts für Dich tun zu können. Da ist man sich so nah, so
729 923 3390 1051 innig verbunden, wie es nur zwei Menschen, die sich lieb haben, sein
720 1059 3235 1142 können und in solchen Stunden muss man hilflos abseits stehen.
710 1166 3483 1326 Wenn gute Gedanken, die für mich ein Gebet bedeuten, etwas helfen kön-
705 1292 3318 1418 nen, dann müssen die meinen Lilingesund machen. Wenn sie nur lebt,
695 1435 3521 1585 dann wirst Du sicher das Richtige finden, um sie zu retten. Ich möchte
683 1572 3359 1711 dort sein und sie pflegen dürfen. Glaub mir, es gäbe keine bessere
717 1705 3305 1850 und verlässlichere Pflegerin. Ich weiss, das ist alles Unsinn, was
700 1816 3295 1947 ich da schreibe und ich habe ja kein Recht dazu. Aber es ist nur
718 1955 3456 2057 aus dem Beßürfnis heraus Dir zu sagen, wie ich mit Dir fühle und
685 2064 3277 2215 dass Deine Sorgen und Schmerzen auch die meinen sind. Ich werde
705 2224 3422 2339 in jeder Sekunde des Tages mit all meinen Gedanken und Wünschen bei
666 2330 2142 2501 Dir sein, das kannst Du mir glauben.
1553 2473 1836 2599 Deine
1819 2603 2492 2739 Clara Katharina.
3532 96 3678 245 134
