3686 4683
1972 301 3147 415 Wien,23.1.1925.Hotel Regina.
683 258 1359 472 An A.S., Schweiz.
693 575 1048 683 Liebster
1207 640 3457 822 vorgestern Nachmittag kam Deine Karte vom Züricher Bahn-
652 836 3305 966 hof mit der Mitteilung, dass Du schon einen Tag früher ins Engadin
653 963 3292 1117 fährst und heute Früh eine Karte vom 20.1. am selben Tag aus St.
648 1086 3377 1197 Moritz. Ich bin vor 1 Stunde Vom Zsolnay-Verlag zurückgekommen. Paul
656 1222 3291 1350 Zsolnay empfing mich mit grosser Liebenswürdigkeit, Herr Kosta war
635 1322 3384 1482 dabei. Sie sagten, es werde sehr schwer möglich ein bis zum Frühjahr
2590 1427 3016 1514 überbürdet
663 1481 3216 1592 noch etwas herauszubringen, sie seien komplet -
668 1595 3432 1730 Ich sagte, wenn es auch schwer ist, so ist es doch nicht unmöglich, wo-
668 1728 3439 1845 rauf er lachend meinte: "Unmöglich" nicht. Ich bekomme in 10-14 Tagen
664 1866 3397 1999 Antwort. Er sagte, er habe schon sehr viel von mir gehört, auch durch
663 2016 3264 2133 Felix Salten. Zuhause rief ich gleich F.S. an, der charmant war. Er
667 2139 3129 2288 behauptet allerdings, gar keine Stimme im Verlag zu haben etc.
1182 2270 3436 2395 Mir tut nur leid, dass ich Paul Zsolnay xxn nicht von den
657 2377 3459 2529 Géraldy-Gedichten sagte, denn die Stimmung war günstig. Aber ich hatte
660 2531 1470 2658 es total vergessen.
1171 2626 3318 2806 Ich habe übrigens in den letzten Tagen alle Gedichte
640 2813 3442 2921 durchgefeilt, bei manchen ganze Strophen frisch gemacht. Seit gestern
666 2944 3433 3076 ist sehr kalt, so dass einem auch das Herumlaufen verleidet ist. Hof-
662 3063 3325 3164 fentlich hast Du es dort sehr schön und angenehm und erholst Dich
676 3160 3356 3309 von allen Strapazen. Ich denke, Du kommst wohl jetzt auch ein wenig
659 3320 1831 3448 zum Arbeiten. "Der Weiher" -
1185 3399 3388 3595 Ich habe vorläufig gar kein Programm. Meine Nerven und
719 3559 2468 3702 ich brauchen entschieden eine Auffrischung.
1183 3683 3337 3828 Gestern Nacht hatte ich einen so entsetzlichen Traum,
671 3848 3344 3950 dass ich in Schweiss gebadet und laut stöhnend erwachte. Ich werde
668 3948 3390 4125 ihn Dir erzählen, aber zum Schreiben ist er zu lang und zu fürchter-
663 4096 2800 4271 lich. Lebwohl, bleib gesund, es umarmt Dich Deine C.K.
3443 113 3616 290 125
