2794 3362
2540 117 2664 291 mais
1874 389 2191 509 2.8.26.
366 493 2560 611 zu Schleiffelder eine zweite Brille nach dem neuen Re-
351 663 2472 770 zept Sachs anschaffen.Diverse Kleinigkeiten besorgt,
364 769 2648 875 nach Tisch zu schlafen versucht, aber zu arge Kopfschmer-
357 923 2474 1034 zen. Um 3 Uhr wieder gewitterartiger Wolkenbruch, um 4
369 1044 2647 1146 Uhr in die Grinzinger Allee 43 eine Wohnung anschaun, die
370 1174 2468 1288 gestern annonciert war. Unbrauchbar, feucht und am Ende
356 1297 2477 1435 der Welt.Verschiedenes zum Einpacken vorgerichtet. Du
359 1437 2637 1584 ahnst ja nicht, mein Liebes, was es heisst mit diesem Per-
368 1557 2626 1709 sonal Reisevorbereitungen treffen. Ich muss alles selbst
353 1702 2546 1808 machen, an alles denken und stosse nur auf Widerstand
358 1819 2625 1940 und passive Resistenz. Du darfst nicht vergessen, dass ich
355 1957 2596 2069 ja nicht zusperran kann, dass die Mieter und Carly blei-
363 2087 2503 2204 ben, dass das Werkel weitergehen muss und) ich für alle
380 2217 2506 2330 eventualitäten Vorsorge zu treffen habe. Ich habe es
344 2350 2493 2453 vielleicht sehr nötig auszuspannen, trotzdem würde ich
337 2480 2468 2569 nicht daran denken fortzugehen, wenn es nicht wäre, um
338 2610 2541 2766 mit Dir zusammen zu sein. Ich habe grosse, grosse Sehn-
343 2742 2571 2879 sucht nach Dir. Es ist vielleicht sehr dumm, dass ich es
386 2884 2574 2998 ein sage, aber in der Richtung bin ich nicht raffiniert.
