3787 4667
645 225 1252 434 Tgb. 3.9.1929.
614 409 943 560 durch.
627 616 3488 761 5.9. Beim gemeinsamen Frühstück in meinem Zimmer Gespräch über O. Jetzt
643 757 3468 895 dürfte auf einen Brief des Arztes hin A. nach Berlin fahren und D. erst
639 878 3445 981 später reisen. Wie kann man so unschlüssig sein. Es enerviert ihn und
636 1003 3551 1137 mich. Besichtigung von Chillon mit Schinnerer und A. Mittag Champagner,
636 1132 3447 1253 ich einen recht tüchtigen Schwips. Die Herren amüsieren sich, sogar die
638 1273 3517 1431 Kellner lachen mit, obwohl ich mich dabei durchaus gux benehme, nur etwas
637 1406 3541 1554 lustiger bin als sonst. A. sehr lieb, macht mir unausgesetzt Komplimente.
624 1529 3287 1666 Nach Tisch bis gegen 6 Uhr geschlafen. Abend Bummel in die Stadt.
636 1691 3408 1870 6.9. Vorm. wundervolles Bad in Montreux Plage mit A. und Schinnerer.
672 1837 3396 1999 Ich sehe in meinem schwarzen Jansentrikot sehr gut aus, behauptet A.
664 1988 2823 2121 Hermine Paula Nachm. eingetroffen. Komisches Gespann.
633 2146 3360 2286 7.9. Abfahrt forges. Telegramm von Carry auf eine besorgte Anfrage.
630 2313 3401 2472 Alles in Ordnung. Ich hatte 9 Tage keinen Brief. Schinnerer auf einem
601 2423 1376 2555 Ausflug nach Genf.
610 2507 3342 2738 Brief (Express natürlich) von der O. Neuer Reiseplan. "Bühlerhöhe".
622 2704 3422 2849 A. telegraphiert, dass er sie in Stuttgart erwarten will. Ist es nicht
608 2779 3484 2971 lächerlich, dass man fortesetzt auf die Dispositionen dieser Dame wartet.
600 2957 3212 3118 Leichte Gereiztheitkauf beiden Seiten. Stiller Abendspaziergang.
595 3152 3475 3310 8.9. Bedeckter Himmel. Kühleres Wetter. Gut geschlafen. A. zuerst wei-
610 3257 3250 3446 ter verstimmt, dann übertrieben zärtlich. Ich bin schon etwas müde.
610 3398 2268 3563 99% seiner Liebe S. aber auch das ist schön.
606 3527 3496 3698 Wir sehen eine Weile beim Tennisspielen zu, dann lasse ich A. mit Schin-
615 3675 3365 3837 nerer allein spazieren gehen, weil ich an meinem Stück arbeiten will.
596 3780 3438 3952 Manchesmal nervöser Widerstand in mir gegen diese übertriebene Zärt¬
606 3939 2210 4078 lichkeit die fast etwas Ungesundes hat.
601 4065 3394 4202 Spaziergang mit S. und A. gegen Montreux, wundervolle Abendlandschaft,
