3689 4662
909 449 3145 583 A. und ich waren von Wien gemeinsam nach Ragaz gefahren,
508 583 3334 693 hatten dort übernachtet und uns in der Früh getrennt. A., um seine Fa-
518 722 3306 847 milie, die nach Zuoz sollte, im Engadin zu treffen und selbst nach Oel-
521 888 3194 979 lerina zu gehen; ich, um nach Selisberg zu fahren. Erst nach 8 oder
540 975 2312 1100 10 Tagen sollten wir wieder zusammenkommen.
3040 3822 3379 3990 von der
3403 116 3504 292 76
