3690 4707
2806 352 3195 507 28.12.26.
539 464 3202 628 dass wir uns haben, dass jede Stunde des Zusammenseins von Freude
573 593 3191 745 durchtränkt sein müsste, dass wir Angst haben sollten einander zu
595 757 1012 871 verlieren.
887 881 3292 1005 Ich hoffe, Du nimmst meine Worte so gut und herzlich auf, wie
568 1024 3135 1142 sie gemeint sind und fühlst, was ich Dir mit innen geben möchte.
560 1144 3284 1254 Und nun umarme ich Dich innig und wissache Dir, das das neue Jahr in
633 1247 3289 1387 inem guten Zeichen beginnt und dass es ein gutes, frohes, Arbeit-und
615 1390 1422 1557 Erfolg-reiches wird.
1384 1529 1886 1668 Innig Deine
1834 1657 2033 1815 C.K.
3444 114 3582 260 Verd 2
