3674 4687
2763 419 3092 545 1.1.29.
583 605 3256 732 "Kammerdiener" weitergeschrieben, nur um irgendwie ins Arbeiten hi-
2570 701 3013 789 hese Novello
573 731 3412 858 neinzukommen, aber ich war bald müde. Immerhin hat er momentan die
562 846 3419 1012 meisten Chancen. Alles in allem kein Jahresanfang, der michsehr freut.
585 1000 3223 1106 Ich will mich sicher nicht beklagen und undankbar sein, weiss, dass
570 1136 3342 1246 es anderen Menschen viel schlechter geht, wenn man hier von "schlecht
566 1278 3200 1388 gehen" überhaupt reden darf. Aber manches Mal (bitte lache nicht)
579 1406 3260 1526 fühle ich mich für diese Stille und Enge zu jung, ich komme mir vor
606 1533 3363 1639 wie eine Maus in einer hübschen kleinen Falle mit einem guten Stück-
568 1668 3287 1796 chen Speck darin. Irgendwo ist die weite Welt, das Leben - ich sitze
565 1813 3316 1953 und knabbere. Vielleicht werde ich das, was ich schreibe, morgen nicht
573 1919 3352 2047 mehr wissen und gewiss nicht mehr fühlen, wenn Du wieder da bist. Aber
596 2063 1926 2194 heute Abend ist es nicht anders.
1092 2172 3325 2328 Ueber den Herrn "Vermeider" musste ich lächeln. Irgend-
570 2328 3317 2443 wie hat diese Bezeichnung mit Dir und Deinem Wesen zu tun. Uebrigens
560 2455 3353 2587 ist mir dieser Tage zu Bewusstsein gekommen, dass beim "Zug der Schat-
560 2566 3393 2704 ten" zwischen Titel und Stück auch noch nicht ganz die richtige Bezie-
565 2724 3274 2877 hung besteht oder richtiger: der wundervolle Titel müsste an irgend
562 2843 3376 2972 einer Stelle eine stärkere Begründung finden. Hindest Du dumm, was ich
571 2977 3329 3112 sda sag? Morgen höre ich wohl von Dir. Mit wem gehst Du zu Oedipus? -
549 3098 3371 3211 Für heute Schluss. Ich umarme Dich trotz düsterer Stimmung von ganzem
549 3220 877 3340 Herzen.
1103 3350 1551 3470 Deine C.K.
3439 93 3576 228 182
