3771 4654
476 196 1104 413 Tgb. 19.5.1931.
468 410 3509 572 später auch von meinen Stücken zu sprechen, aber da A. mit keinem Wort nach-
460 532 3405 692 half liess ich das Thema gleich fallen. Heimfahrt mit Gesprächen über Be-
464 695 2999 837 setzung seiner Stücke. Ich komme immer zerbrochener nach Hause.
452 864 3518 1008 Habe für Mittwoch Abend Ehepaar Heer-Hofmann und A. eingeladen. Heute wollen
515 965 2631 1122 wir zu dem Stück der Windsloe ins Volkutheater gehen.
476 1065 3425 1258 Eben telefoniert mir A., dass Heimi schon morgen Mittwoch ankommt, muss da-
451 1231 3191 1355 her Beer-Hofmann ab wagen. Schade, denn ich hatte schon alles besorgt.
470 1380 3382 1540 20.5.Gestriges Stück von der Windsloe "Gestern und heute" recht interes-
456 1516 3481 1650 sant und empfunden, wenn auch technisch etwas unbeholfen. Besser als Technik
505 1609 3265 1797 und Dreck.Sybille Binder famos. Was wäre sie für eine Corday - meine
456 1730 1181 1894 Charlotte Corday.
448 1854 3312 2027 Nachher mit Beer-Hofmanns bei Schöner genachtmahlt, ich trank zwei Glas
455 2034 3343 2183 Wein, um reden zu können, fühlte mich in der Nacht nachher sehr elend. Das
452 2123 3441 2281 Bett schaukelte und ich hatte einen furchtbaren Druck im Herzen.A.sah ges-
466 2263 3355 2415 tern elend aus. Auch Beer-Hofmanns fanden es. Ich telefonierte wieder mal
458 2419 3391 2560 an Dr. D.; er woll sich doch kümmern.-Heute kommt Heini. A. hat mir gestern
461 2543 3547 2702 vorgeschlagen für 14 Tage ins Cottagesanatorium zu gehen, um mich zu erholen.
461 2649 1560 2828 Ich habe dankend abgelehnt.
462 2733 3004 2938 21.5.Heini hat mich noch gestern Abend angerufen, um mir für Erd
460 2931 3003 3108 danken, die ich ihm zur Begrüssung hinüberschickte. Er war etwas
462 3032 1051 3198 liebenswürdig.
458 3155 3372 3360 Nachmittag mit Enny Tolnay bei Emmy Sachs im Sanatorium, die vor wenigen
472 3290 3344 3461 Wochen ihren Mann verloren hat und jetzt an Star operiert wurde. Sie war
480 3444 3304 3578 im Lichtrosa drapiert, wenn auch nicht schweren, nach
458 3541 1786 3731 Trauer, -eher wie eine Wöchnerin.
451 3719 3469 3859 Am Abend mit A. Erst im Kino "Seitensprunge", saudunn. Dann bei Meisl gemacht-
454 3859 3343 4008 mahlt und nachher Pathephon. Ein Abend zum sterben öd und traurig. Was er
463 3969 3267 4106 mir von Heinig Scheidung erzählt ist unwahr, wie sein ganzes Gehaben.
461 4078 3490 4267 22.5.Traf A. zufällig in der Stadt und er nahm mich im Auto mit in den Cot-
458 4262 3386 4366 tage. Er bleibt am Abend zuhaus. Ich ging am Nachmittag allein eine Stunde
475 4389 713 4519 spazin
