3787 4703
2034 299 3008 464 Hohenschwangau, 22.8.1928.
716 486 3413 614 Mein Liebes, gestern Nachmittag (es war ein Regentag) versuchte ich
696 602 3504 762 noch allerlei zum "Wort" zu notieren; - nach dem Nachtmahl sass ich wie
698 725 3452 906 immer mit Heini im Rauchzimmer und las. Kurz nach 10 wie allabendlich
683 867 3562 1016 zu Bett. Lange mit meist beziehungsvollen Träumen und nie ohne Unterbre-
693 1006 1524 1141 chungen geschlafen.-
724 1107 3326 1311 Am Vormittag allein in Füssen herumspaziert, in den Anlagen unter
688 1276 3478 1448 der Burg geruht. Zu Fuss nach Hohenschwangau zurück. Indessen war Ruth
683 1411 3479 1579 angekommen; Heini machte uns bekannt; sie sieht ein wenig der Eveline
705 1533 3445 1685 hold ähnlich; ist sympathisch, scheint recht klug und gutartig; -nach
675 1664 3358 1785 dem Essen wandelten wir amSee. Man war gleich in gutem Gespräch und
682 1787 3472 1947 vertrauter Atmosphäre. Nun bin ich unbeschreiblich müd auf meinem Bett
2794 1906 2993 1985 eine
675 1943 3486 2091 gelegen. Dein wohltuender Brief erhellt mir trotz wunder-
704 2052 2982 2227 baren Herbstglanzes über See und Bergen,düstere Stunde.
663 2197 3073 2343 Ich will wieder meine Manuscripte hernennen - und versuchen.
660 2318 3308 2464 Für heut sag ich Dir Lebwohl und küsse Dich dankbar und zärtlich.
1644 2446 1876 2621 Dein
1862 2536 1972 2718 A.
1670 2696 1950 2842 - -
