3771 4654
639 153 1262 375 Tgb. 14.5.1931
628 385 3463 561 gelegen, 5 Uhr A. zur Bahn gebracht. Er nahm mich im Vorbeifahren mit,
689 553 3501 694 ohne heraufzukommen, wohl um jeden wärzeren Abschied zu vermeiden. Bei-
685 677 3559 839 derzeitige Stimmung verkrampft und unleidlich. Ich starke Schmerzen in
627 850 3429 1003 der Gallo. Er frug: "Tut dir was weh?" -Ichantwortete, es ist wohl ganz
659 930 3511 1126 uninteressant, ob mir etwas weh tut oder nicht.“ Wenn man sich so gegen
660 1116 3393 1245 einen Menschen benimmt, dann braucht man nicht mehr zu fragen, ob ihm
649 1193 3393 1359 was weh tut. Aber so viel wagte ich nicht, in meiner Antwort lag das
657 1351 1132 1505 alles drin.
656 1480 3577 1643 Nachher bei Hedwig, wo Bertha und Eduard B. (seit 20 Jahre nicht gesehen)
691 1605 3507 1775 waren. Ich hatte anfangs solche Schmerzen, dass ich einen Gallenanfall
647 1713 2146 1894 fürchtete, mit Atroparverin coupiert.
657 1876 3416 2016 Heute Vormittag bei Krupnik ein Kleid, bei Einenstädter einen Mantel
658 2014 3492 2184 erwanden, fertige Sachen, da es mir an Nerven fehlt zu probieren. Nach-
654 2137 3445 2260 mittag bei Clara Hatvanv, wo ich Gina Hötzendorf, die Witwe vom berühm-
665 2225 3540 2366 ten Conrad Hötzendorf kennen lernte. Sie erzählte, wie glücklich sie mit
649 2405 3455 2543 ihm war. Sie war Mutter von 6 Kindern, als sie sich von Baron Reining-
651 2521 3388 2662 haus scheiden liess, um ihn zu heimaten. Er war Geliebter, Freund und
650 2658 3416 2797 Vater für sie, wie sie sagte. Warum ist es manchen Frauen vergönnt so
645 2769 1417 2932 glücklich zu sein?
645 2873 3385 3013 15.5. Heute mein Geburtstag. Er rief in der Früh an. Ich frug,ob es
720 3044 3345 3222 mir gestattet sei ihm alles Gute zu wünschen. Er antwortete: "Es
648 3170 3581 3307 ist gestattet". Sonst kurzes, kühles Gespräch. Er war gestern an Pineksa-
652 3322 3368 3455 kogel, empfindet den Aufenthalt sehr angenehm,ruft morgen wieder an.
635 3420 2837 3575 Er sagte nicht, wann er zurückkommt und ich frug nicht.
643 3562 3446 3710 Vormittag Stadt, noch einige Beworgungen machen. Nachmittag Ida K. Wir
650 3661 3456 3833 sassen auf der Terrasse und sprachen von alten Zeiten. Und wieder ein
654 3819 1136 3942 Tag vorbei.
632 3961 3555 4115 16.5. Wieder Anruf A.'s, genau so kühl belanglos. Er kommt morgen Sonntag,
688 4089 3458 4278 ohne Angabe der Stunde, und ich soll mich in keiner Weise binden, über
3527 124 3672 280 173
