3771 4654
672 200 1326 411 Tgb. 10.5.1931.
655 349 3561 567 Sonntag, 10.5. Ganzen Tag allein mit Schmerzen und Unbehagen. Ich fühle,
640 518 3311 696 da es ich krank bin. Am Abend mit A. bei David Golder (guter Film,
634 622 3395 767 besser als der Roman). Dann mit Dr.D. und Anny bei A. genachtmahlt.
654 765 3397 933 Auch am Heimweg mit Dr. D. kein Wort über A. gesprochen. A. erwähnte
665 896 3433 1063 wieder, dass er für ein paar Tage, 2-3, auf den Semmering will, voraus-
662 1009 1453 1186 sichtlich Dienstag.
652 1113 3540 1290 11.5. mein Befinden immer schlechter. Ab ½5 Uhr Früh zwei Stunden Darm-
637 1287 3343 1425 zustände, dann Bewerung, resp. Stillstand. Dasselbe nach
650 1431 3410 1552 Tisch. Ich schleppe mich Vormittag zum Friseur de Abend Gesellschaft
644 1555 3437 1691 bei A. ist. Nachmittag langhinausgeschobener Besuch bei Baronin Gutt-
654 1691 3368 1829 mann (eher fad). Dann holen mich Herr, eine P. und Tochter,bringen mich
648 1831 3456 1943 per Auto nachhause. Ich klapperte vor Kalte. Abend bei A. Recht unge-
651 1962 3250 2130 mütlich, wie immer wenn Jakob W. und Gattin da sind. Ausser ihnen
677 2044 2112 2226 Egon und Emmy E,Gerty Hofmannsthal.
643 2188 3414 2347 Die Minna stellte komischerweise den schwarzen Kaffee vor die Martha
645 2348 3456 2520 W. und die entschuldigte sich sehr taktlos bei mir, sie sei daran un-
676 2471 3404 2607 schuldig, anstatt einfach dieses Amt, das ihr nicht zukam, abzulehnen.
644 2604 3363 2726 Nach Tisch kam sie nochmals zu mir, um ihre Unschuld an diesem "faut
643 2726 3239 2854 pas" zu beteuern und unterstrich dadurch noch mehr, dass man sich
627 2841 3321 3022 schlecht gegen mich benimmt. Aber ich sagte, es sei ganz belanglos.
629 3014 3431 3133 12.5. Heute Früh sagte mir A. am Telefon, dass er erst am Mittwoch auf
617 3130 3473 3283 den Semmering fährt und über seinen Geburtstag fort bleibt. Ich ahnte,
612 3244 3431 3392 dass er aus diesem Grund die Reine hinausschiebt. Mich wundert nichts
625 3382 3383 3511 mehr. Er nahm mich Vormittag in die Stadt bis zur Creditanstalt mit,
626 3498 3477 3671 wo eine Art Run war, weil die Zeitungen heute unerwartet die staatliche
613 3635 3534 3838 stützungsaktion dieses Institutes melden. Nichts steht mehr fest.
617 3764 3426 3942 Mittag bei Anna, dann Ordination beim alten Bloch, da ich mich zu elend
630 3877 3468 4073 fühle. Strenge Diät. Abend Otto und Emma bei mir, liebe Menschen, beson-
592 4013 2951 4207 ders Otto. Welch ein Unterschied an Duldsamkeit ujd Güte.
605 4172 3356 4308 14.5. Gestern Vormittag wegen elendem Befinden zuhause in der Sonne
3532 146 3705 297 172
