3742 3981
1649 179 1782 346 -6
807 403 1023 542 Tgb.
818 505 3460 677 unverständlich und noch unverstündlich, dass sie ihm je etwas be-
822 666 3515 810 deuten konnte. Es gibt keinen Menschen, dem sie nicht unsympathisch
810 820 3378 909 ist. Sie war mir odios zu einer Zeit, wo ich nicht ahnte, dass A.
812 954 3427 1075 und ich je zueinander finden werden. Sie hat ihm zwar gesagt, sie
806 1066 3462 1204 habe schon im Sommer 1916, als er mich in Ischlebes-uchte, den Ver-
809 1175 3333 1328 dacht gehabt, aber das muss ein Vorgefühl bei ihr gewesen sein,
812 1328 2188 1480 an dem wir beide schuldlos waren.
805 1469 3451 1627 Wenn man mir vor 1½ Jahren noch gesagt hätte, wie es kommen würde,
806 1584 3475 1695 ich hätte geschworen, es sei ausgeschlossen. So fern waren wir uns.
811 1723 3443 1838 Ich bin übrigens sehr froh, dass es zu dieser Aussprache in Baden-
805 1848 3423 1967 Baden kam denn ich habe gerne Klarheit in allem und ich habe das
810 2001 3493 2116 Gefühl, dass unsere Beziehung dadurch noch inniger geworden ist. Wir
792 2126 3475 2269 haben seit seiner Rückkehr am Montag so schöne Stunden miteinander
804 2236 3464 2380 verbracht. Mittwoch hat er mir die "Else" -Novelle vorgelesen. Sie
803 2381 3463 2519 ist eigentlich ein dramatisches Kunstwerk undich meinte, er sollte
803 2481 3516 2641 sie überhaupt mit Monodrama bezeichnen und sie mit der Bergner auf-
815 2630 3494 2741 führen lassen. Ich glaube, das wäre fabelhaft. Wir waren beide ganz
812 2770 3376 2906 erschöpft und dabei sehr aufgeregt, als die Lektüre beendet war.
802 2873 3516 3042 Ich habe dann mit ihm allein auf der Terrasse seiner Villa genacht-
791 3035 3480 3149 mahlt - Es war ein so wunderbarer Abend und ich war so erfüllt von
781 3150 3519 3308 Glück und Dankbarkeit, dass ich am liebsten seine Hände geküsst hät-
792 3274 3404 3432 te. Als es kühl wurde, setzte er sich ans Klavier und spielte und
794 3428 3109 3562 ich sass ganz dicht bei ihm und mein Herz war voll Liebe.
790 3536 3443 3684 Heute Abend bin ich wieder einmal zuhause und ich hoffe,Kary wird
779 3686 3497 3799 auch da sein und wir können zusammen plaudern, was jetztvselten vor-
790 3774 3244 3941 kommt. Kary ist auch auf Liebeswegen und Harry amüsiert sich.
3494 118 3627 274 58
