3686 4683
2766 324 3136 447 16.4.27.
932 520 3183 680 Ich habe jetzt ein paar Stunden ganz gut gearbeitet und
3027 623 3166 701 in
534 686 3242 791 gehe jetzt zur letzten Vorstellung "Fall La Roche" ins Votivkirche,
1306 750 1550 831 holen.
522 774 3312 933 mit Frieda, die mich kommt. Ich werde wider den Wintermantel an-
539 895 3381 1029 ziehen. Ich hoffe sehr, dass Du besseres Wetter hast. Wenn es so graus-
530 1058 2700 1212 lich ist, macht man sich zu allem 체brigen noch Sorgen.
928 1181 3267 1312 Gerade hatte ich ein Gespr채ch mit Herrn Nowak. Es ist zum
527 1314 3338 1413 Lachen. Er bietet mir 500 S., f체r den "Mord", der viel k체rzer war, bekam
571 1434 3424 1585 ich 600.- Ich sagte, es sei indiskutabel und ich akzeptiere das absolut
541 1588 3310 1710 nicht. Lieber verhungern! Gute Nacht! Ich nachtmable jetzt rasch vor
538 1686 1595 1833 dem Kino. Ich umarme Dich.
1591 1805 2052 2002 Deine C.K.
3457 98 3573 255 101
