3689 4719
546 257 1372 440 An A.S. nach Berlin.
2268 264 2971 440 Wien 16. Mai 1924.
540 516 1029 715 Liebster -
941 643 3276 810 es war sehr hübsch Deine Stimme heute Früh nach so langer
530 795 3184 922 Zeit wieder zu hören. Aber es wird hoffentlich noch viel hübscher
552 941 3285 1114 sein, wenn Du endlich da bist. Ist es Dir bewusst, dass es die fünfte
538 1074 3271 1241 Woche ist? Dir von mir und diesen fünf Wochen zu erzählen ist jetzt
541 1209 3405 1347 nachträglich fast unmöglich. - Den Brief über die ersten 14 Tage sollst
534 1316 3271 1477 Du haben, wenn Du ihn magst. Dann war eine Zeit, wo Du mir sehr ferne
543 1467 3426 1603 warst und ich nicht schreiben konnte. Jetzt fühle ich Dir wieder näher
546 1593 3357 1721 kommen. Ich breite die Arme aus und möchte von Herzen, dass wir so zu-
547 1687 3266 1856 einander finden, wie schon lange nicht. Mein Mund grüsst den Deinen.
534 1836 1440 1990 Auf Wiedersehen! Deine
1465 1979 1638 2121 C.K.
3408 93 3561 300 Lud.
