3743 4598
497 257 738 440 1928
472 458 2636 630 1.6.8. Absage von Ullstein! Habe ich Besseres erwartet?
511 572 3369 766 Dann zu A. Abeschiednehmen. Heute Abend fährt er mit Heini nach Hohen-
504 701 3207 860 schwangau und Anfang nächster Woche kommen O. und Arnoldo auch hin,
501 861 3322 989 Trotz a/ller Liebe und allen Küssen ein schwerer, schwerer Abschied. Es
511 959 3309 1114 ist oft gut, dass kein geladener Revolver da liegt die Versuchung wäre
519 1129 800 1282 gross.
492 1240 3482 1368 17.8. Gottlob ein gehetzter Tag. Nicht denken, nicht denken! Besorgeungen,
525 1382 3279 1497 die Kinder. Harry zum Nachtmahl. Ein lieber Kerl, aber auch er tut mir
563 1527 2471 1681 irgendwie leid. Um zehn ins Bettçund Phanodorm.
508 1631 3446 1787 18.8. Und nun sitze ich wirklich im Coupé, bin froh, dass es keine weite
507 1782 2209 1930 Reise ist. Werde ich heiterer heimkehren?
512 1896 3274 2047 19.8. Ein Tag vorbei. Brief von A. Sehr lieb. Ich sehne mich nach ihm.
523 2046 3281 2174 20.8. Frühstück Meierei. Spaziergang mit Emma R. Prachtvolle Person,
528 2189 3307 2307 aber ermüdend. Mittag mit ihr im "Stüberl" gegessen. Nachmittag geruht,
516 2300 3299 2441 gelesen, gedacht. Abend eine halbe Stunde in der Halle, dann einsam am
506 2425 2543 2555 Fenster meines Zimmers gestanden. Sternenhimmel.
514 2529 3360 2695 21.8. Karte und sehr lieber Brief von A. Meierei, einsamer Spaziergang.
510 2683 3249 2805 Mittag im Stüberl Emmy getroffen. Gewitter. Regen. Tante Sidonie im
562 2827 3249 2945 Panhans besucht. Zu faul mich für die Halle druben umzukleiden, bin
511 2969 3077 3103 in meinem Zimmer geblieben. Habe den 5. Brief an A. geschrieben.
526 3061 2633 3223 22.8. Wieder ein Tag um. Schade um die schöne Natur.
510 3213 3386 3333 23.8. Vormittag mit Emmy R., sie war gestern bei der Alma M., die an eine
510 3344 3412 3442 Annäherung zwischen A. und O. zu glauben scheint. Daher veränderte Ein-
517 3463 3226 3587 stellung gegen mich. Vor wenigen Monaten hat sie über die O. zu mir
519 3631 3432 3743 geschimpft und war von mir entzückt. Das sind die interessanten Frauen!!
507 3716 2102 3886 Sehr lieber, aber trauriger Brief von A.
508 3850 3443 3999 24.8. Ein Sommertag! Vormittag mit Emma am Pinkehkogel. Wirklichein aus-
520 3982 3444 4144 gezeichnetes Wesen. Kurzer Brief von A. Rut, die Freundin Heinig, ist dort
510 4122 3131 4244 und gestern sind wohl auch Arnoldo und O. eingetroffen. Und ich?
3479 115 3621 261 141
