3747 4687
436 231 557 341 10
425 405 3479 569 Nokelpres etc. Fühle das Wolwollen und die Teilnahme dieser beiden Men-
439 538 723 678 schen.
447 660 3405 835 17. Aug. Brief von A Heini fährt mit seiner Mutter am Sonntag fort. Ich
435 775 3126 957 soll dann für 8 Tg. nach Gm.Gm. kommen.- Nein! Das tu ich nicht.
430 939 3445 1059 Ich habe A. in G. angerufen, ihm gesagt dass schliesslich auch meine con-
439 1060 3332 1216 cessionen Grenzen haben. Ich nicht hier sitzen und warten werde bis ich
437 1192 3041 1346 für 8 limitierte Tage antreten darf. Ich reise ganz für mich ab.
438 1357 3324 1493 Er schien wüthend, ersuchte mich einen Brief abzuwarten. Er sähe nicht
437 1468 1867 1620 ein etc. -- Was hat er je eingesehen?
437 1593 3463 1745 18 Empörender Brief von A. Erklärt ein für alle mal sich seine Bewegungs f
428 1725 3332 1836 Freiheit und Bestimmungsrecht für seine Person zu sichern (als ob ich
435 1852 3454 2006 ihm am Semmering nicht seine Freiheit wiedergegeben hätte) ist aber weiter
443 1978 3040 2126 bereit am 23ten in G. mit mir zusammenzukommen. Ich frag wozu -?
437 2122 3407 2273 Ich antworte telegrafisch: Nicht Heinis verschobene Abreise aber Form ge-
425 2233 2991 2391 fühl und Einstellung bestimmend. Lebwol, alles Gute für dich.
438 2375 3449 2510 Und dann noch einen Abschieds-Brief den er morgen hat. Ich setze eben den
437 2480 1795 2659 am Semmering betretenen Weg fort.
429 2615 3464 2776 Ich fahre morgen Mittag nach Wien. Dass ich überhaupt noch gehen sprechen,
431 2740 1400 2890 etwas veranlassen kann-
426 2893 3479 3037 N. Mittag mit Weissweilers die mich durch die k.leine Alline auffordern lie
421 3027 3436 3183 liessen eine St. beim Zuckerbäcker. Ich höre mir zu wie ich rede. Dann nach
407 3153 2542 3274 Hause - einpacken - es schwindelt mir - Schlafmittel.
434 3263 991 3435 Wien. Nacht.
455 3429 3515 3551 Heute Früh vor Abreise einlenkender Express- Brief von a. A. Sieht ein dass
414 3520 3426 3681 Zusammensein in G. derzeit sinnlos (das glaub ich ) kommt Sonntag oder
425 3671 3387 3842 Montag Wien erbittet Nachricht. Schluss des Briefes; mit den innigsten und
420 3806 3508 3974 herzlichsten Gedanken“. Zu spät. Carry noch bis I U. nachts bei mir geses-
423 3901 3426 4071 sen.- Auf der fahrt zur Bahn heut Früh Julius u. Helene getroffen. Sie gab
408 4084 3420 4218 mir Recht als ich sagte dass ich nicht nach G. fahre, da es Dinge giebt,
418 4198 3463 4309 die man sich nicht mehr bieten lassen kann. Ich glaube sie sind Beine über
416 4297 2754 4504 A. empört. Wenn sie erst Alles ja nur eine Teil wüsten--
3455 86 3630 298 233
