3758 4686
1883 299 3185 501 Berlin, 4.12.1927,Hotel Bristol.
510 516 3430 639 Mein Liebes, eben habe ich mir die Neue Freie Presse hereinkommen lassen
455 661 3394 764 und sehe, dass in den verteilten Preisen doch immerhin der erste mitent-
514 772 3341 904 halten ist (nicht, dass der erste Preis nicht verliehen wurde), was ei-
499 921 3415 1052 gentlich die Aufführungschancen verbessern sollte. Wie immer, - die Sache
473 1043 3381 1176 muss auch praktisch ihre Vorteile für Dich haben, was sich erst im Laufe
484 1160 3374 1282 der nächsten Wochen im einzelnen erweisen wird. Ich für meinen Theil
2373 1265 2576 1349 mirs
517 1325 3377 1457 hab mich sehr gefreut - eigentlich mehr als ich vorher vorgestellt
517 1460 3291 1561 hätte, und gewiss mehr, als wenn mir ein Preis verliehen worden wäre.
490 1548 3507 1726 Nun werde ich ja auch von Gustav Schwarzkopf mehr erfahren und bin doppelt
504 1685 3420 1842 froh, dass ich in meinem letzten Gespräch mit ihm keinerlei Andeutung ge-
525 1822 2863 1987 macht, und keine Frage gestellt hatte, wie es so nahe lag.-
490 1970 3492 2082 Ich habeüber den gestrigen Tag noch zu berichten, dass ich Vormittag ein Ge-
494 2095 3268 2244 spräch mit Herrn Otte vom Berl.Tagblatt hatte (Evantualität für den
465 2235 3418 2369 Roman), sowie mit Frau Gosewitsch (allgemeinerer Natur und Filmangelegen-
462 2335 3378 2491 heiten betreffend). Von Comtesse Mizi sieht man ab; da man meine Forde-
539 2467 3421 2581 rungen zu hoch findet. Dann bei Heini; und dort mit Frau Dernburg (sei-
500 2599 3367 2723 ner Hausfrau, die im Sommer einmal bei mir gespeist hat) gesprochen. Mit
506 2750 3414 2861 ihm in den Grunewald zu Fischer. Dort äusser Olga, Jakob und Martha, sowie
462 2861 3385 2987 Bermann und Frau, und Hubermann. Jakob schüttete mir in mancher Hinsicht
487 3007 3481 3110 sein Herz aus. Langer Spaziergang: Hotel; Malerin, die im Hotelwohnt, irgend-
503 3140 3453 3312 wie verwandt mit Hollitscher-Freud (Frieda kennt sie) möchte mich malen,
515 3270 2700 3419 hat eine Portraitausstellung in ihrem Zimmer, -danke.-
520 3364 3391 3516 Piscatorbühne mit Paul Marx; - dort unvermutete Begegnung mit Karin und
528 3540 3295 3659 Ellis Stampe Benedix.- Rasputin, ein russisches Stück; das wie xxx
471 3669 3410 3817 früher das Tollersche Hoppla seit ein paar Wochen vor ausverkauf-
489 3794 3447 3927 ten Häusern gegeben wird: Widerlich, tendenziös, verlogen, - die communisti-
490 3942 3440 4070 sche Haltung umso lächerlicher als das Publikum zu 9/10 aus Bourgeois und
486 4059 3406 4194 Grosskapitalisten besteht. Film (nicht in übertragenen Sinn), Colportage,
1925 4145 2179 4228 Kaiser
463 4179 3476 4306 Leitartikel, Zeitungstelegramme; -Lenin, Franz Joseph als alter Trottel,
