3787 4723
2356 293 3105 444 1.1.1929 Bl.2.
764 503 3455 613 die Elze spielen könne, wo es ihr beliebt; - jeder auch Jesener wür-
766 627 3500 771 de ihr das Theater zur Verfügung stellen.-? Alles weitere hängt nur
2272 732 2624 813 ehe diese
766 777 3331 907 von den Besprechungen mit Strnad ab - xxxxx tatsächlich und
764 892 3402 1036 ernsthaft und ausführlich stattgefunden hat, -ist nichts sicher zu
728 1063 3318 1172 sagen. (Auch dann noch nicht). - In jedem Fall, auch wenn Strnad
761 1163 3357 1284 nicht hieherkommt, sprech ich sie noch einmal; wahrscheinlich bei
726 1296 963 1406 ihr.-
711 1408 3483 1582 Den Sylvesterabend bei O. mit Arnoldo, Heini,Ruth. Das neue Jahr kam
694 1564 3491 1702 unmerklich; -ich spielte mit Heini Bach vierhändig; von Nachrufen auf
686 1685 3522 1816 das vergangene Jahr wurde abgesehen. Um 1 Uhr war ich schon, von Heim
721 1830 3441 1956 und Arnoldo begleitet, im Hotel, schlief gut, d.h.ich wachte nicht auf
763 1963 3588 2084 in der Nacht, -überhaupt noch kein einziges Mal seit ich in Berlin bin-
762 2074 3524 2209 träume aber viel und undeutlich-habe heute ziemlich arge Kopfschmer-
752 2186 3468 2334 zen. Wundervoll es Wetter; Heini holt mich zu einem kleinen Spazier-
1281 2291 1441 2376 Rix
755 2360 3468 2493 gang ab. Dass Du die Sophie gekündigt hast, ist sehr ver-
701 2473 2851 2590 nünftig - übereile Dich nur nicht mit der neuen Wahl.
705 2589 3555 2776 Dein Brief, mein Liebes - hat mich sehr tief und wohltuend berührt. Ich
705 2715 3435 2853 kann Dir nur schwer antworten, denn es ist mir nicht gegeben sollgute
705 2857 3397 3017 Worte zu finden - in Briefen wenigstens nie. Aber Du sollst wissen
702 2999 3422 3112 und weisst es wohl auch - wenigstens manchmal, wie lieb ich Dich habe
710 3076 3328 3266 und wie dankbar ich Dir bin. Nur dies; Dank, und im wahraten und
704 3228 2942 3421 weitesten Sinn. Ich küsse Dich aufs zärtlichste Dein A.
1718 3364 1930 3491 - - —
3540 114 3695 296 180
