3786 4630
2465 254 3083 431 19.9.29. Bl.2.
749 376 3469 577 und nachher bei Winterling genachtmahlt. Sonst habe ich noch keinen
804 597 3432 732 nzigen Bekannten gesprochen - oder nur gesehen; im Hotel sprachen
713 739 3431 838 mich zwei deutsche Damen (Hannover) an - und versicherten mich etc.
689 879 3508 990 etc. Mittag speise ich im Hotel (anständig) - und bleibe auf dem Zim-
696 986 3519 1133 mer bis gegen ½7, wo ich Richard Paula in den Kolonnaden treffe. -Gear-
686 1137 3241 1270 beitet hab ich nicht fiel - nur am Roman gefeilt - gestrichen.
688 1255 3444 1375 Befinden und Schlaf besonders gut. Das Wetter wundervoll, die Abende
679 1314 2470 1541 sehr kühl; - heut zum ersten Mal etwas trüb.
696 1506 3432 1650 Seit Montag Vormittag kein Brief von Dir; - nur die Karte, die ich als
741 1619 1495 1790 ungiltig erkläre.-
699 1732 3418 1879 Auf ein schönes Wiedersehen und eine sehr innige Umarmung. In aller
1427 1894 2037 2034 Innigkeit Dein
2105 1962 2203 2168 A.
688 2134 2824 2330 Bitte noch ein Wort hieher, dass ich es Samstag habe.
1837 2258 1885 2380 _
3559 114 3689 280 27
