3746 4638
2610 303 3247 445 1.8.1930. Bl.2.
654 317 988 486 An A.S.
639 522 3510 662 und an ein Wiedersehen an einem schönen Punkt im Zeichen zuversichtli-
663 642 3442 831 eher Freude, wenn auch nicht gerade glaubte, so doch sie nicht für un-
674 807 1278 932 möglich hielt.
671 919 3540 1100 Ohne Deine Programmlosigkeit irgendwie beeinflussen zu wollen, erscheint
679 1015 3476 1182 es mir mit Rücksicht auf Deine Nerven, Deinen Magen, die Saisonüberfül-
670 1161 3445 1293 lung der Hotels jetzt tatsächlich richtiger, wenn Du direkt hieher zu-
678 1295 3538 1435 rückkommet und wir, wenn wir dann wirklich den gemeinsamen Wunsch haben
2851 1392 2981 1460 aux
751 1404 3321 1565 sollten,- im letzten Drittel August zusammen von Wien fortehen.
673 1569 3391 1698 Von meinem Alltag ist nichts zu sagen, als dass das Wetter auch hier
683 1679 3492 1829 elend ist, alle Bekannten fort, die Kinos geschlossen oder im Umbau, die
720 1816 3411 1958 Stadt verödet. Mit Cary und Magda hie und da zusammen. Ich wünsche
679 1955 3415 2095 Dir eine sehr gute und glückliche Heimreise und umarme Dich freund-
683 2114 1144 2280 schaftlich.
1158 2224 1608 2358 Deine C.K.
