3690 4667
2920 336 3288 502 14.9.29.
616 478 3123 567 zu liebenswürdig. Dass die meisten Weiber doch immer zu sind!
934 594 3331 735 Dann fuhr ich in die Stadt und besprach mit dem Fleischhauer
613 737 3366 911 und Selcher Hieblinger in der Stallburggasse die Fleischbel###ferung,
588 850 3333 960 s ein Wagen kommt jeden Morgen in das Cottage (oder sagt man den Cot-
605 992 3329 1132 tage?), ich glaub nicht. Er ist um ein paar Groschen teuerer, aber er
639 1118 3342 1246 hat das beste und verlässlichste Fleisch in Wien und den schönsten
600 1227 2360 1386 Schinken. Ich würde ihn Dir auch empfehlen.
954 1390 3398 1502 Ich bin schon sehr neugierig auf Deinen ersten ausführlichen
587 1517 3321 1661 Bericht und schreibe Dir dann jedesfalls noch einmal und dann kommst
590 1638 3353 1797 Du selbst - - - Ichfreue mich schon so darauf! Ich habe Deine Parfum-
609 1782 3322 1920 flaschen in meiner Reisetasche mitgenommen, xxx ich hoffe, Du vermisst
600 1875 3190 2046 sie nicht, erstens brauchst Du Dich nicht zu parfümieren, wenn ich
590 2045 3247 2177 nicht dabei bin und zweitens macht es mir Vergnügen hie und da an
592 2176 2873 2292 ihnen zu schnüffeln, sie erinnern an Dich und mancherlei.
941 2267 3219 2433 Das Wetter ist andauernd wundervoll, ich schreibe Dir auf
583 2441 3243 2575 meiner Terrasse, in dem Dir bekannten weissen ärmellosen Kleid und
626 2530 1735 2707 friere ausnahmsweise nicht.
945 2692 3354 2832 Haben Beer-Hofmanns nach mir gefragt? Und was hast Du ihnen
595 2817 3304 2963 gesagt? Du wirst wohl in Ma. noch andere Bekannte zufällig treffen.
592 2955 3228 3086 Ich habe mich ausser bei den Geschwistern noch nirgends gemeldet.
580 3051 3428 3187 Frieda soll heute ankommen und vielleicht sehe ich sie morgen. Gestern
604 3152 900 3235 vor dem
580 3224 3350 3358 Einschlafen las ich wieder im "Spiel der Sommerlüfte" und fand es
576 3356 3271 3467 noch schöner. Nur die Stelle mit der Beichte und dem Zweifel im 2.
590 3454 3434 3592 Akt störte mich wieder. Es müsste dasselbe ein wenig anders, vielleicht
578 3599 3447 3746 stärker gesagt werden und der Schluss dieses Aktes ist um ein oder eben
577 3742 1817 3892 Repliken zu kurz, zu plötzlich.
1094 3840 3290 4012 Jetzt will ich diesen Brief persönlich in einen Kasten
579 4017 3374 4143 werfen und ein wenig spazierenbummeln, dann arbeite ich noch ei nenig
577 4127 3343 4243 und dann kommen Otto und Emmi zum Nachtmahl. Und dann ist wieder ein
573 4199 3218 4320 Tag um und nur noch drei Tage bis Du da bist.Freust Du Dich auch?
1209 4287 2294 4420 Ich umarme Dich.Deine C.K.
3494 108 3593 282 '68
