3798 4598
2266 279 2697 441 9.2.1926.
796 481 3447 636 will mich zeichnen für die Literarische Welt; - eine Freundin Eli¬
758 619 3504 776 sabeth Bergners ( Name unverständlich) will meine Hand modellieren,-
769 757 3480 876 sich eventuell mit einer Zeichnung begnügen; alles dilatorisch be-
745 885 3444 1032 handelt.- Donnerstag Abend ein Herrenabend bei Georg Engel, mit dem
789 1010 3423 1151 Kultusminister, bei dem ich überdies für Freitag zum Thee geladen
755 1153 3366 1292 bin mitgehangen, mitgefangen. Morgen Mittag bei Fulda.- Schapiro,
752 1261 3291 1379 Jakob u.a. noch nicht untergebracht. Heute Abend bei Michaelis
752 1396 3321 1505 (mit der Fein) - morgen mit Albert Steinrück. Jetzt erwarte ich
738 1507 3284 1679 Barnowsky, der mich dringend zu sprechen wünscht. Freitag Abend
787 1635 3526 1826 hoff ich noch Heini als Max zu sehen (vorläufig ist er bettlägerig,
770 1778 3516 1900 aber kein Fieber und sehr vergnügt). - Feilchenfeld ist in Davos. Ich
736 1883 3483 2051 denke morgen seinen Vertreter zu sprechen. Samstag Früh dürft ich
776 2030 3342 2188 nach Dresden fahren, mit Lili und Montag oder Dienstag nach Wien
756 2187 3424 2330 zurück. Programmänderungen vorbehalten, - für heut mein Schatz leb¬
716 2294 1813 2487 wohl und sei innig umarmt.
1810 2442 2152 2611 Dein A.
1838 2592 2105 2689 - - -
