3771 4622
494 273 1147 452 Tgb. 16.6.1931.
2329 432 3245 620 en und wenn er sich auf
503 448 2266 662 Verpflichtung mich mit ihm zusammen einzula-
510 587 3306 780 meinen Standpunkt stellen würde, wäre er ein Trottel. Grobheit und Ge-
515 716 3289 892 reiztheit in einem nicht zu rechtfertigenden Ton. Ich antwortete,ich
516 839 3427 1048 werde meine Ansicht deswegen nicht ändern und es sei eine Angelegenheit,
529 970 3473 1174 die nur zwischen mir und Trebitsch spiele und ihn weiter nichts angehe.-
525 1121 3496 1270 Traurig genug, dass es ihn nichts angeht.-Schliesslich hat Trebitsch schon
519 1241 3450 1429 im Haus meiner Eltern verkehrt und ich war wiederholt in früheren Jahren
512 1423 3375 1541 bei ihm und seiner Frau geladen, (sie ist mir seinerzeit direkt nachge-
524 1537 3283 1701 laufen). Heuer im Winter waren sie mit A. bei mir zum Thee und dann
525 1662 2371 1799 noch dazu letzthin das Gespräch am Kohlmarkt.
509 1705 3350 1967 Aum allem, was A. spricht, klingt nur die Absicht zu distanzieren, egal
530 1887 3315 2052 ob es mir weh tut. Seine Einstellung,jedes seiner Worte ist
535 2053 3376 2174 tausendmal kränkender als das Vorgehen dieses idiotischen Shaw-Ueber -
534 2161 3464 2315 setzers. Aber ich werde mich zwingen ein freundliches Gesicht zu machen,
539 2285 2017 2474 wenn er mich zu Werfels holen kommt.
531 2415 3457 2600 Dienstag, 16.6. Der gestrige Abend bei glücklichen Menschen in einem mär-
531 2513 3531 2730 chenhaften Haus. Ich trank ein wenig, um redwelig zu bleiben. Hofrätin z.,
534 2691 3431 2848 die auch da war, ging bald nach dem Essen. Wir blieben zu Viert in einer
524 2802 3309 2967 der Loggien. Alma war sehr zärtlich, trug mir das "Du" an, küsste mich.
537 2946 3382 3140 (Ach, ich überschätze das nicht - aber in ihrer Unberechenbarkeit liegt
555 3091 3363 3252 wohl ihre Macht). A. nicht einen Blick für mich. Auf der Heimfahrt be-
550 3190 3349 3353 kam ich wieder einen Weinkrampf. Er: "Warum weinst du?"-Ich: "Offenbar,
545 3358 3399 3506 weil ich so glücklich bin". -Er: "Ich kann doch nichts dafür, dass die so
553 3502 3493 3624 schön wohnen". - Ich: „Du weisst sehr gut, dass es nicht das Haus ist, um das
552 3592 3466 3760 ich sie beneide.“ - Er: (verlegen) „Ich weiss schon, dass du nicht das Hauz
545 3760 3304 3898 meinst". - Wir waren vor meiner Tür angelangt und ich trat rauch ein.
550 3853 3468 4008 Heute Vormittag bei der Krankenkassa des XIX. Bezirks wegen Elise und sehr
553 4000 3471 4148 elend nach Hause gekommen. Druck im Herzen. Heutige Gespräche mit A. kühl
549 4159 1067 4326 und gequält.
