3730 4679
538 341 3627 471 endlich wissen, dass mein Wesen so ist - ich kann nicht mehr Wärme geben als
531 453 951 618 ich habe.
532 596 2619 729 Ich: Ja - aber du teilst noch das wenige mein Kind.
2892 655 3621 815 dann war es die O.
537 751 3466 885 Er: Ach die dummen Eifersüchteleien. Einst war es die Vilma L. und jetzt
543 833 1127 1023 ist es die Cl.
576 955 2842 1123 Ich: ich habe die Cl. nicht ganannt - aber es Ist die Cl.
529 1125 3580 1285 Er: Mein Gott, ich leugne nicht dass ich mit ihr recht befreundet bin, aber
577 1237 1374 1383 das ist auch Alles.
546 1381 3608 1538 Ich (sehr Freundlich) Immerhin eine etwas merkwürdige Freundschaft, da sie
542 1493 1698 1663 dir nahezu täglich schreibt.
528 1649 3576 1802 Fr: (feierlich) Ich schwöre dir bei allem was mir heilig ist, ich habe I Br.
537 1740 2189 1925 und eine Karte von ihr hierher gekommen
539 1873 3384 2027 Ich: (nehme seine Hand) Schau Kind, es ist unserer unwürdig falsch zu
542 2007 2618 2163 schwören- ich weiss dass es in 7 Tg 6 Briefe waren-
540 2131 3588 2309 Hr: Du hast gesehen dass ich Briefe aus der Tschechslowakei bekam, aber es
542 2280 1263 2428 waren Bankbriefe.
542 2421 2183 2561 Ich : Nein es war der Stempel Z. darauf
544 2511 3619 2694 Er: (ausser sich) Diese Spiooniererei- (drohend) Wage es nich gegen diese
531 2668 1607 2839 Frau etwas zu unternehmen.
540 2824 3412 2982 Ich: Nein ich werde sie nicht erschiessen ich verde ihrem Mann keinen
540 2951 3584 3095 anonymen Brief schreiben-ich gehe und wie ich mich mit ihr auseinandersetze
545 3039 2529 3225 ist meine Sache. Du bist frei und ich bin es auch.
545 3199 3452 3359 Ich habe gepackt Carry angerufen. Dazwischen Gespräche mit A. Er ist be-
534 3353 3414 3478 sorgt um meine Pekuniäre Notlage. Ich lehne Alles ab. Zum Schluss ver-
526 3467 3441 3588 sichert er mich dass sein Interesse an mir nie abgenommen hat- Ich sage
537 3570 1880 3744 ihm lebwol - er "auf Wiedersehen"
543 3687 2706 3863 Er: Glaub mir du hast keinen Grund mir böse zu sein.
537 3841 3627 4031 Ich : Ich bin nicht böse ich hasse Dich nicht, Ich gebe Dir nur den Weg,
541 3968 779 4098 frei.
534 4107 2526 4287 Er: Heute vor 3 Jahren ist July von mir gegangen.
531 4232 2408 4354 Ich : Ich habe schon heute früh daran gedacht-
525 4347 3244 4537 Er bittet mich ihn Mittwoch Früh anzurufen, ich werde es nicht tun.
3563 44 3657 233 203
