3771 4722
2245 251 2704 397 24.4.1928.
3046 237 3310 390 Bl. 3.
692 454 1338 568 XdaxQakatakamärts
734 558 3428 674 der Galatabrücke aus fuhren wir in ein grosses türkisch-russisches
709 673 3424 821 Restaurant (mit dem Ingenieur, von dem ich mich auch politisch viel-
700 796 3342 957 fach informieren liess; gut und fast billig; - natürlich gab es auch
706 934 3345 1084 eine treffliche Jazzkapelle, sowie Tanz; - auch Produktionen russi-
690 1062 3422 1147 scher Tanzer und Tänzerinnen; -offenbar Vertriebene, geflohene, ausge-
704 1176 3495 1288 wanderte - die sich hier auf diese Weise fortbringen. - Um 11 waren wir
741 1301 3300 1451 auf dem Schiff, "zuhause" hätt ich fast gesagt. Aber man hat fast
1422 1401 1629 1482 hatt.
740 1447 3483 1610 das Gefühl.-Hier ich (vorgestern) auch eine Karte von Dir, einen
675 1551 3487 1704 Brief nach Athen hab ich nie erhalten - vie leicht kommt er noch nach,
696 1724 3349 1836 wie es mir mit einer Karte von Heini passierte, die von Corfu nach
675 1807 3398 1954 Athen ging. Allerdings lag gestern in meiner Cajüte ein Brief - ei-
688 1988 3420 2131 nes Passagiers mit etwas ähnlichem Namen, also ideal verlässlich ist
690 2099 3370 2239 der Postbetrieb nicht. Vielleicht hab ich heut vor der Anfahrt noch
666 2215 3405 2333 eine Nachricht von Dir und am Ende gar noch den Athenienser Brief; -
696 2345 3494 2494 sonst muss ich auf Gravosa, also noch bis Samstag warten! Jetzt kommen
721 2492 3442 2605 ruhigere Tage, fast ununterbrochene Seefahrt, - und wir freuen uns al-
683 2635 3363 2777 le ein wenig darauf. Dann will ich mir auch wenigenstens eine meiner
716 2736 3442 2894 Arbeiten vornehmen. Auf diesen Brief, der wohl frühestens Samstag in
700 2893 3446 2992 Deinen Händen sein wird, kannst Du mir natürlich nur nach (möglichst
691 3013 3482 3114 express) Venedig zu Lili antworten. Ich setze noch einmal ihre Adres-
682 3119 1598 3273 se her: San Colo 2545.
672 3270 3435 3398 Es geht mir gesundheitlich gut; - sonderbar dass ich das Rauchen ein-
698 3389 3386 3536 schränken musste - wie es mir im Jahre 1904 in Italien gleichfalls
684 3517 3357 3650 erging. Das Schiff ist alt und brav; das Essen nicht Übel; - nur die
704 3631 3387 3813 Diners unerträglich. Uebrigens soll nächstens eine Reform einsetzen
685 3780 2676 3939 (von der wir natürlich nichts mehr haben werden).
671 3918 3355 4060 Ich kann nur hoffen und wünschen, dass es Dir wohl gehe und dass Du
672 4032 3272 4164 ein wenig mit dem Roman weiter kommst; - und dass vielleicht einer
646 4170 3431 4306 von Deinen praktischen Versuchen Erfolg gehabt hat; -von all dem wer-
3551 95 3689 235 114
