3787 4667
2078 303 2908 474 Marienbad 12.9.1929.
721 325 1118 511 Telegramm
2087 439 3204 611 nach Wien,Hochschulstrasse.
753 542 3329 738 So empfängt dich dieser Willkommgruss hoffentlich schon daheim.
2365 734 2703 867 Arthur.
756 721 1711 864 Bitte hieher schreiben.
1805 822 2092 979 sowohl
2074 974 2929 1132 Marienbad, 17.9.1929.
751 1099 3488 1261 Mein Liebes, zu erzählen ist-glücklicherweise - nicht viel. So ruhi-
701 1268 3491 1383 ge Tage verlebt man selten. Meine Karte hast Du erhalten. Du weisst,
764 1366 3422 1494 dass ich Samstag nach Forstwarte, Sonntag nah Rübezahl, Montag zum
720 1522 3400 1647 Egerländer gewandert bin und so die Marienbader Wälder nach allen
759 1637 3385 1785 Richtungen, wenn auch nicht auf allen Wegen durchstreift habe. Es
741 1756 3488 1892 wäre ganz meine Landschaft, wenn es ein bisschen mehr Wasser gäbe. Die
763 1901 3658 2015 Quellen dienen alle nur der Gewundheit und nicht der Schönheit.- Wund zu-
714 2018 3498 2184 bardie Wälder, die Wiesen, die Ausblicke; das weithin gedehnte und an-
724 2132 3497 2321 mutige. Beruhigend das ringaherum cultivirte; sympathisch die Atmos-
763 2261 3454 2447 phäre des Ortew in menschlicher Hinricht; - nirgends spürt man die
736 2409 3534 2567 kropferte Feindseligkeit und Halbiodite der gewissen österreichischen
722 2560 3383 2681 und steiernärkischen Landbevölkerung; - das seewirth-unwirthliche-
728 2653 3497 2804 pogrombereite, wie in unsern - doch eigentlich kömtlichen Gegenden.-
736 2796 3455 2983 Wirkliche Gautfreundlichkeit - wenn auch auf ihren Vortheil bedacht
709 2943 3382 3063 ist hier überall im grössten wie im kleinsten Laden (nur in einem
717 3055 2474 3249 Reisebureau fand ich einen schlechten Ton).
728 3198 3479 3340 Das Hotel mehr angenehm und vortrefflich gelegen. Der Bewitzer, jetzt
731 3340 3472 3483 nicht anwesend, liess mich um ein Buch mit Widmung bitten, erkundigte
730 3450 3553 3580 sich beim Direktor nach meiner Zufriedenheit und nah meinen Wünschen-
738 3593 3535 3705 bestand darauf, mir den Preis des Zimmer auf die Hälfte herabzusetzen
727 3741 3475 3884 und gestern trug man mir zum Ueberfluss noch die sog. "Königszimmer"
807 3835 3269 3995 zum arbeiten (ohne Verpflichtung dazu) an. Den Nachmittag war
718 3979 3527 4111 ich meist etwas müd und habe nur gelesen. Gegen Abend in den Kolonna-
695 4111 3454 4251 den, wo ich Richard und Paula treffe. - Gestern mit ihnen im Kino, wie
730 4261 3167 4405 auch schon Samstag; - "Nju" wieder gewehen - von der Elisabeth
3541 109 3683 286 269
