3787 4698
2288 252 3214 408 27.4.1926. Bl.3.
817 437 3316 602 Man versteht wieder einmal den Sinn der Gesellschaftsreisen; -
817 593 3392 741 denn wie Du merkst wird die Sache etwas kompliziert, umständlich
830 726 3415 872 und unsicher, wenn man nicht von Anfang bis Ende in einem und
834 859 3423 1022 demselben Schiff wohnen bleibt. (Von den Ein -und Ausschiffungs-
915 998 3405 1127 dalitäten mit den ewig wechselnden Valuten und dem Gaunervolk
815 1140 2466 1290 der Träger und Schiffer ganz abgesehen!)
828 1284 3476 1429 Trotz dieser kleinen Unbequemlichkeitenbefinde ich mich sehr wohl
838 1414 3415 1516 und bis jetzt hätten wir uns jedenfalls über allzu südliche Tem-
835 1514 3317 1666 peraturen nicht zu beklagen. - Zum arbeiten bin ich noch nicht
828 1664 3263 1791 im geringsten aufgelegt - das neunbildrige Stück (3 Skizzen)
830 1797 2394 1938 habe ich durchgesehn - das ist alles.-
831 1929 3502 2069 Eine Correspondenz kann man das wohl nicht nennen -; und ich bin
833 2040 3405 2178 schon sehr neugierig, wohin ich die Antwort auf diesen Brief hin
850 2184 3278 2303 erhalten werde. Ich will aber heut noch nicht schliessen und
852 2288 1316 2374 unterbreche
847 2316 3457 2447 ihn durch tausend innige und sehnsuchtsvolle
830 2441 1917 2599 Grüsse über Meer und Land.
2383 2569 3281 2698 Las Palmas,29.4.1926.
837 2649 3521 2824 Nichts mit der Weeward Line - nichts mit dem Norddeutschen Lloyd -
837 2809 3494 2951 die erste verkehrt in der für mich in Betracht kommenden Richtung
848 2983 3452 3096 überhaupt nicht! - Mit dem N.L. könnte ich erst von Lissabon aus
848 3089 3452 3236 reisen - und nach Madeira - komm ich von hier aus wieder nur über
844 3236 3412 3382 Lissabon! - So gelang es mir mit Mühe - die letzten zwei Plätze
856 3341 3430 3511 auf dem Antonio Delfin zu ergattern, der am 3.über Lissabon (6.)
857 3467 3504 3629 nach Hamburg (10.) fährt - und von dem man mir in Wien und Lissa-
851 3618 3491 3750 bon mittheilte - dass er in Las Palmas überhaupt nicht Aufenthalt
861 3745 1176 3881 nimmt!
839 3849 3503 4006 Heute Früh sind wir hier angekommen (nach kühler Fahrt), dann aus-
851 3987 3526 4124 gebootet worden und in G...Hotel abgestiegen. Zimmer aufs Meer; -
842 4151 3264 4292 Spazierährt durch die farbige, palmenbestandene Stadt. Zwei
3522 103 3656 258 177
