3787 4730
2639 222 3336 396 2.5.1926. Bl.3.
768 474 3193 604 Serpentinenstrasse zwischen altem vulkanischen Boden,-durch
787 613 3438 744 kleine Orte mit winzigen Parterrehäuschen und maurisch anmutenden
792 714 3387 847 Villchen und Villen. Bananenpflanzungen, Palmengruppen, spärlichen
790 852 3276 1021 Blumenhängen an Häusermauern; - und landeten in der Dependance
780 998 3271 1128 des hiesigen Hotels- englisch wie dieses, - mit den reizendsten
784 1136 3352 1271 Gesellschaftsräumen, einem anmutigen Garten und einem köstlichen
781 1209 3390 1384 Blick über das gewellte Hügelland zum Meer hin und in die Unend-
792 1344 3214 1527 lichkeit. Santa Brigida heisst das Hotel. (Sie verstehen zu
791 1506 3399 1632 kolonisieren die Engländer; -in jeder Kleinigkeit zeigt es sich; -
798 1632 3274 1781 und ihre Trivialität und Unionmität ist ein Theil ihrer
792 1762 3327 1895 Macht.- Und wenn man auf dem Adolf Woermann, - wieder einmal die
795 1886 3453 2025 Deutschen en masse gesehen hat, - vom königlich-preussischen Regie-
796 2012 3368 2176 rungsrat an (er kann auch ein Präsident gewesen sein) - und vom
804 2159 3216 2306 Cottbuss Ehepaar an (vielleicht war es aus Dresden) und vom
798 2296 3247 2406 Hochzeitsreisepaar (zusammen 300 Kilo) aus Hamburg - und den
810 2411 3451 2546 Vergnügungsreisenden aus Berlin,- bis zu den Auswanderern, die nach
801 2542 3300 2683 den Colonien in Afrika ziehn,- da begreift man ein wenig, die
812 2653 3372 2813 mangelnde Belieutheit dieses Volks, - das sich immer wieder durch
806 2814 3355 2950 Tüchtigkeit, aber selten durch gute Manieren auszeichnet. (Womit
808 2966 2525 3093 das problem natürlich nicht erledigt ist).
808 3093 3496 3207 Noch immer haben wir keinen heissen, kaum einen warmen Tag erlebt; -
816 3225 3314 3355 auch hier in Las Palmas nicht; meist ist es ein wenig trüb, und
816 3339 3252 3472 immer windig. Sonnenklar durch Stunden war es nur vorgestern
827 3483 3292 3603 auf dem Ausflug. In der "Residenz" das schöhste die grossenmit
820 3567 3192 3742 Riesenpalmen bestandenen Plätze, besonders einer am Meere.-
818 3728 3466 3884 Malaria soll es keine geben; - da es aber an Mosquitos nicht man-
814 3861 3399 3998 gelt, nehmen wir vorsichtshalber Chinin. (ich schlafe bei offenem
824 4017 3139 4117 Fenster und geschlossenen Mosquitonetzen.) Mein Befinden
838 4149 3532 4289 ist ganz gut; übermässig frisch fühl ich mich nicht; weder Lebens-
3501 95 3649 245 281
