3823 4687
1441 219 2100 499 Tagebuch
606 491 816 637 1929
603 642 2330 832 Tiefe Verstimmung, schlafe nur mit Mitteln.
561 787 3344 974 19.3. Täglicher Brief. Verschleppung der Verhandlungen. O. und Heini
636 952 2063 1101 "Spiel der Sommerlüfte" vorgelesen.
613 1066 3530 1194 20.3. Zu Fuss in die Stadt. Brief von A. Wieder lächerliche Konferenzen,
592 1174 3502 1314 die nicht ernst zu nehmen sind. P. ruft mich an. Absage von Verlag Zsol-
567 1321 3529 1483 nay bereits eingetroffen. Ich hab kein Glück. Wenn man denkt, was für ein
560 1461 1419 1612 Dreck gedruckt wird!
577 1599 3610 1775 21.3. Anruf aus Berlin. Wenig beglückend. Rückkehr am Sonntag ausgeschlos-
592 1732 2184 1855 sen. Verhandlungen nicht abgeschlossen.
585 1803 3487 1994 22.3. Kondolenzbesuch bei Königswarter. Bummel durch die Stadt. Gestern
597 1969 3563 2101 und heute kein Brief. Abend Harry zum Nachtmahl, weil morgen sein Geburtz-
599 2136 2707 2252 tag ist. Er ist trotz seiner Fehler ein lieber Kerl.
595 2254 3565 2402 23.3. Zwei Expressbriefe von A. Der erste 12 Seiten lang. Die Verhandlun-
596 2352 3438 2513 gen stehen günstig. Fest bei der O.: Verleger Fischer, Jakob und Martha
576 2493 3557 2622 Wassermann, Elisabeth Bergner, Viki Zuckerkandl und Mini. All die Menschen,
589 2627 3461 2767 die behaupten, dass sie die O. nicht ausstehen können. Was für Schweine!
608 2763 3412 2899 24.3. Anruf A. Er kommt frühestens Donnerstag an. Empfindet angeblich
590 2871 3406 3038 Sehnaucht und Ungeduld. Ich bin zu tief verstimmt, um etwas Herzliches
612 3016 3358 3146 sagen zu können. - Ausflug mit Frieda auf das Kopenzl. Hin und zurück
616 3148 3436 3308 zu Fuss. Es hat mir wohlgetan. Die Bewegung, die Natur und Redenkönnen,
641 3283 2604 3457 wenn ich auch noch immer genug für mich behalte.
613 3444 3571 3599 25.3. Cary-magda zu Tisch. Gegen Abend einsam in der Stadt. Melancholie.
585 3557 3502 3680 26.3. Nachricht von A. "Else" -Aufführung mit Klein abgeschlossen, im Ok-
645 3679 3435 3808 tober. Bin sehr froh für ihn, aber selbst ist mir fern und fremd
657 3841 1482 3961 und ich bin traurig.
612 3934 3507 4059 27.3. Steuergespräch mit Otto. Ich bat ihn, etwas von meinem Geld dispo-
612 4082 3458 4231 nibel zu halten. Man kann nie wissen. - Abend bei Anna, recht gemütlich.
597 4228 3099 4390 Morgen kommt A. Ich sehe dem Wiedersehen mit Langen entgegen.
3595 106 3701 314 226
