3771 4723
711 319 1198 466 14.1.1931
750 436 3333 584 A. wieder am Telefon in krankhaft gereizter Stimmung wegen Tele-
718 583 1614 746 grammen aus Amerika.
2394 696 3381 844 14.1.1931 (in der Nacht)
978 748 1351 919 (où Alma)
712 845 3356 956 A. dort ein anderer Mensch. Heiter geigtvoll, trinkt Champagner. Für
739 967 3370 1139 mich nicht einen freundlichen Blick. Und doch habe ich gut ausge-
729 1084 3391 1228 sehen. Ich glaube, ich habe Fridell gefallen, aber trotz seiner Kul-
737 1232 3324 1353 turgeschichte existiert so ein Kerl nicht für mich. Andy Zsolnay
734 1357 3354 1482 war auch besonders nett zu mir, findet meine Novellen"entzückend",
705 1536 3376 1638 aber ich vermag nicht mich anzubiedern, wie es nützlich wäre. Alma
725 1633 3410 1752 sprühend wie immer. Aber wenn man sich nach keiner Richtung Zwang
731 1752 3243 1889 auferlegst - - A. auf der Heimfahrt kein gutes Wort zu mir.
2435 1889 2891 2017 15.1.1931.
709 1990 3356 2157 Mein Geburtstag. Ich habe es endlich so weit gebracht, dass Kinder
736 2175 3451 2280 und Geschwister den Tag unbeachtet lassen. Und wenn nicht die alten
724 2263 3453 2420 Tanten und Emmy R. mir durchaus an diesem Tag ihre Aufmerksamkeiten
725 2417 3420 2567 aufdrängen würden, (für die ich ihnen gar keinen Dank weiss) könnte
715 2541 1732 2708 man so schön vergessen -
727 2661 3347 2817 else krank, wenn auch unbeträchtliche Erkältung. Ich habe sie zu
734 2801 3211 2924 Bett geschickt und aufgeräumt. Mittag bei A. gegessen, wo auch
727 2925 3316 3068 Frieda war (er hat keine Ahnung dass mein Geburtstag ist). Abend
727 3083 3476 3213 mit A. im Kino (Cap der Verlorenen mit Kotner, George,Birell), Beson-
724 3192 3480 3319 ders guter Film. Dann Weissen Hahn genachtmahlt. Kühle Freundlichkeit
734 3342 3456 3476 von beiden Seiten. Meine innere Müdigkeit ist oft grenzenlos. Böses
702 3446 1930 3606 1 iegt hinter mir und vor mir.
2429 3584 2893 3720 16.1.1931.
729 3720 3333 3862 A. mich heute Früh angerufen und gefragt, ob nicht heute mein Ge-
733 3835 3418 3966 burtstag sei. Ich sagte ihm, dass er schon vorbei ist.-Ich hätte ihn
726 3979 3339 4088 wenn auch nicht glücklich so immerhin überstanden. Ich hatte ge-
736 4128 3336 4216 hofft dass er überhaupt nicht daran denken wird, das er in diese
728 4237 3413 4398 Tage fällt. Ich habe nämlich nur im Vorjahr einmal erwähnt, dass er
3524 95 3669 321 140
