3787 4698
1083 245 1487 403 II. Brief.
1677 343 2916 503 An Bord der Martha Washington.
1723 483 2160 606 19.4.1926.
1732 587 2200 744 nach Wien)
704 690 3250 836 Liebste, gestern hab ich in Patras einen Brief an Dich aufgeben
721 845 3239 958 lassen - man konnte wegen des schlechten Wetters nicht an Land
717 988 3402 1111 gehen - hoffentlich ist er in Deine Hände gelangt (oder kommt nach
725 1119 3406 1251 diesem hier, der morgen Früh in Neapel aufgegeben wird). Bald nach-
1034 1205 1315 1284 Patras
717 1251 3364 1399 dem wir xxxkxxx verlassen, wurde es herrlich; - klarster Himmel, kühl
711 1370 3372 1528 (etwas zu sehr-man kann alle marmen Sachen auf einmal brauchen) -
719 1499 3317 1607 dabei recht bewegte See mit Wellenspritzern aufs Verdeck. Stun-
2983 1580 3531 1705 verschiedenen
712 1622 3453 1746 denlang, wörtlich zu nehmen, stehn wir so, auf einem der
718 1766 3393 1894 Verdecke, und auch das Verbot der Commandobrücke besteht nicht für
713 1909 3242 2016 uns - was nur zum Theil meinem Namen, zum andern der Galanterie
715 2026 3435 2134 der Schiffsofficiere (vom Capitän abwärts) gegenüber Lili zu danken
707 2179 3396 2340 ist. - Uebrigens ist das Schiff von höherem Niveau als ich anfangs
720 2309 3357 2434 vermuthet; insbesondere die Küche ist ausserordentlich (Largeheit
715 2417 3504 2530 versteht sich auf dem Schiff von selbst.) - (Uebel ist nur das Kino,-
707 2539 3302 2717 bald im freien (für die 2.Classe), bald im Speisesaal, - ohne Musik
704 2692 3279 2837 und so lustige Sachen, dass Du's gar nicht aushieltest (ich auch
700 2830 3310 2971 nicht). Aber schliesslich ist man ja nicht deswegen da; - und die
716 2933 3436 3083 unendliche Meeresfläche, - die Ueberraschungen der Küste,-die Gleich-
698 3088 3342 3227 mässigkeit der inneren Schiffsexistenz sozusagen, - das bleibt im-
697 3238 3189 3372 mer gleich wunderbar (wenn ich mich auch nach wie vor in
699 3320 3214 3472 Wiesen- und Waldgebiet heimatlicher fühle) - Wir habendurch den
696 3473 3399 3610 gestrigen Wind Verspätung und kommen erst am Nachmittag in Palermo
694 3605 3404 3773 an, für das uns daher nur ein paar Stunden bleiben. Morgen Früh sind
695 3700 3430 3882 wir hoffentlich zu guter Zeit in Neapel, so dass wir Pompeji besehen
687 3866 3459 4027 können. Und von morgen (20.) abend geht die Reise in ununterbrochener
679 3971 3452 4165 Fahrt nach Lissabon, wo wir am 24. eintreffen wollen, und wo sich erst
682 4130 3493 4234 alles weitere entscheidet. Die Fahrt nach Las Palmas ist wahrschein-
