3759 4630
1524 95 1795 278 Tagel
604 256 810 428 1927
616 422 860 594 4.12.
613 594 3406 729 schöpft, den ganzen Tag werde ich angerufen. Aufführung mit dem Preis
618 723 3503 888 von 500 Schilling nicht verbunden, aber möglich. Gott, wie schön wär das!
645 885 2213 1021 Sehr netter Abend, Kino mit Frieda P.
657 986 3465 1102 7.12. Penklub-Abend für Claude Anet. Man ist sehr nett zu mir, aber ich
606 1143 3497 1253 mag die literarischen Menschen nicht. Man gratuliert mir von allen Sei-
619 1253 3398 1398 ten zum Freis und sagt mir viel Schönes über meinen Roman. Besonders
604 1395 3445 1548 Schönherr äussert sich sehr anerkennend. Ich fühle mich physisch nicht
618 1516 3345 1636 sehr wohl. Bei Tisch mit Baron Winterstein. Magarese Königswarter,
610 1639 3436 1774 Baronin Berger auch an meinem Tisch. Salten sehr herzlich etc. Durch
626 1776 3390 1893 Anruf aus Berlin in der Früh erwacht; gehetztes, ziemlich belangloses
594 1915 1036 2046 G espräch.
604 2016 3368 2138 10.12. A. angekommen. Bereits zweimal telefonisch gesprochen. Fühle
603 2155 2106 2314 mich entfremdet. Fahre jetzt zu ihm.
609 2312 3563 2435 11.12. Besonders guter, schöner Abend bei A. gestern. Grosse Herzlichkeit
605 2418 1334 2567 und Leidenschaft.
606 2538 3417 2707 12.12. Zuhause und viel gearbeitet. Gute telefonische Gespräche mit A.
609 2699 3420 2852 13.12. Zum Tee bei Sektionschef Byk. Hofrat Huber kennen gelernt. Prä-
607 2819 3382 2951 sident des Volkstheatervereines, hatte sich gewünscht mich kennen zu
607 2957 3350 3093 lernen, sagte mir viel Schönes über mein Stück und meine Hände. Sehr
600 3056 2322 3232 n etter, sympathischer Mensch. Wer weiss - -
609 3225 3425 3349 Nachher A. bei mir zum Nachtmahl. Bestes Einvernennen. Uebenvorgen xxx
620 3350 1211 3460 kommt Lili an.
604 3473 3431 3603 15.12. Mit A. im Kino und nachtmahlen. Dann fuhr er zur Bahn Lili und
604 3608 2250 3742 ihren Mann holen. Viel Schnee und Kälte.
599 3724 3414 3846 17.12. Kälte nimmt weiter zu. Sonst gute, glückliche Tage. Weihnachts-
610 3856 1486 4013 einkäufe, Besuche etc.
608 3989 3377 4151 22.12. Carys Geburtstag, Kinder Mittag bei mir. Magda ist ein grosses
593 4123 1507 4258 Kind, aber sehr herzig.
3581 105 3655 240 8
