3771 4654
525 167 998 418 Tgb. 9.6.1931
563 382 3405 533 Eine grässliche alte Köchin als Aushilfe bei mir. Meine Merven ertragen
513 488 3598 683 dieses Gespenst kaum. Aber in der Nacht ganz allein im Haus ist auch schwer.
2225 614 2382 692 Klein
526 629 3520 813 Gegen Abend unangesagter Besuch von Magda Kettin. Dann noch kurzer einsamer
519 741 1898 941 Spaziergang und zeitlich zu Bett.
520 877 3560 1040 10.6. Heute Vormittag in der Stadt, wollte ein Kleid für den Abend bei Clau-
534 1045 3439 1208 wer besorgen, aber meine Verstimmung, die Verdüsterung zu gross. Im Spital
498 1162 3404 1335 Else besuchen, deren Zustand ernst zu sein scheint. Es geht mir nah. Und
515 1289 3474 1466 überhaupt so ein Spitalzimmer mit den vielen armen Kranken, die nicht ein-
507 1394 1244 1566 mal Ruhe haben.-
494 1511 3556 1703 11.6. Gestern wieder ein entsetzlicher Abend. Erst Anruf Harrys, der nun mit
497 1681 3466 1857 Sicherheit nach Südamerika fährt. Seine Besprechungen mit der Firma wegen
496 1840 3154 1973 Abfindungsbetrag erledigt. Er ist eben doch mein Kind und wer wei
492 1935 3432 2083 ich ihn je wiedersehe.- Dann mit A. - Trotzdem ich ihm von Harry erzählte
507 2064 3131 2229 und er meine Stimmung wah, kühle Konversation wie immer. Nach dem
515 2208 3312 2404 (elender Film "Susi macht Ordnung") im Hof des Deutschen Hauses genach
498 2347 3503 2518 mahlt. Als er nach dem zweiten Glas Bier noch einen Kirsch bestellte, wagte
1037 2426 1195 2522 ihn
496 2477 3527 2625 ich freundlich darauf aufmerksam zu machen, dass das vielleicht zu viel ist,
501 2591 3467 2748 worauf er mir brüsk antworte, ob er sich vielleicht verteidigen soll, wenn
488 2716 3389 2881 er ein zweites Glas trinkt. Ich sagte nichts mehr. Entweder er ist ver-
482 2873 3460 2999 rückt oder er soll sich schämen. Tu ich es denn für mich, wenn ich ihn von
495 2992 3421 3167 etwas Schädlichen abhalten will oder aus Bosheit? Mein Gott, wie soll das
2272 3099 2524 3185 (Darm)
495 3137 3374 3292 alles enden! - Heute Macht arge Herz- und Magenbeschwerden. Mittag Carry-
486 3241 1611 3426 Magda, die einzige Erholung.
478 3388 3441 3568 12.6. Abend bei Clauser. Hatte etwas Gekünsteltes. Uebrigens fuhr ich mit
480 3513 3406 3655 A. und Heini, der nach paar Minuten nach seinem Vater mich holen kam (so
492 3643 3402 3831 eine Art Besuch) hin und auch wieder zurück. Wie hätte mich das noch vor
474 3784 3449 3962 2 Jahren gefreut! Jetzt - -! Dort unaufrichtige Atmosphäre. Das Eisen war
473 3905 3531 4058 zu üppig für die kleine Wohnung. Elsa Guttmann, Tochterneiner Jugendfreundin
480 4048 3446 4217 Munsch, sehr sympathisch. Frau Claw er mehr angestrengt liebenswürdig, ein
471 4173 3443 4383 Schauspiekrehepaar Meutel aus Zürich, mehr dekorativals angenehm, sie sehr
485 4307 3080 4578 ungarisch. Frau Clauser hat ja ein hübsches Porzellangesicht, aber
