3758 4686
2850 223 3132 389 Bl. 2.
2189 220 2676 423 4.12.1927.
484 447 3445 630 Lloyd George (oder Grey) treten persönlich auf, - der Czar und die Czarin,
520 563 3366 713 sowie die Hofdame (die neulich in der Neuen Freien Presse ihre Memoi-
532 702 3336 893 ren veröffentlicht hatte) (von Sybille Binder gespielt) und natürlich
557 836 3334 976 Rasputin treten auf; - es ist gewissermassen eine Revue, die sich tra-
561 980 3411 1125 gisch gebärdet und ohne nacktes Frauen. - Lang kann der Schwindel nicht
526 1117 854 1262 währen.
511 1170 3593 1392 I ins Restaurant (wie Tags vorher) Grill am Zoo, kamen dann Heini mit Elisaben
523 1412 3342 1524 und Czinner, der schon gestern angekommen war.-Es wurde ein Rendezvous
521 1493 3337 1667 zu Filmazenariumsaussprachen für Montag Abend verabredet (an dem E.B.
542 1632 1140 1802 nicht spielt).
495 1758 3428 1899 Nun kommt eben noch Dein rekommandierter Brief von gestern, der über den
519 1898 3410 2057 Freis ungefähr berichtet, was ich eine Stunde früher telefonisch von Dir
569 2018 3301 2157 erfahren. Du selbst kannst natürlich vorläufig in der Angelegenheit
534 2146 3334 2302 nichts weiter tun, Ru musstDinge und Leute an Dich herankommen lassen.
521 2297 3253 2413 Wie weit man ihnen auch entgegengehen soll, das wird der Verlauf der
565 2409 1444 2569 nächsten Tage lehren.
564 2516 3501 2675 Mein Befinden ist nicht übel, - nur Kopfschmerzen besonders beim Aufstehn,
539 2662 3343 2809 wohl auch von der Luftheizung (trotz offener Fensterspalte) -Das Wet-
546 2792 3415 2926 ter heller, winterlich schön. Ich fahre zu Dora, wir wollen im Grunewald
565 2930 3262 3082 spazieren gehen; eventuell beauch ich auch Fulda, dann esse ich bei
530 3094 3182 3230 Pieterkowsky (die ich bisher noch nicht gesehen) mit Heini und O.
503 3206 3482 3334 Den Abend voraussichtlich mit Viki und Mimi, die nun mit Jakob und Martha
548 3333 1819 3491 in der gleichen Pension wohnen.
538 3463 3429 3573 Lebwohl für heute, mein Liebes; wenn ich auch erst Ende der Woche in Wien
528 3572 3549 3723 sein dürfte-ich habe Dich geradeso lieb, als wenn ich schon heute abreiste-
519 3719 3529 3864 und immer lieber, je mehr Du es verstehst.-Ich drücke Dich mit aller Innig-
532 3890 1513 4017 keit an mein Herz. Dein
1484 3988 1614 4133 A.
1636 4106 1879 4216 - - — —
3548 115 3689 280 80
