3771 4694
2415 271 3616 538 re unwürdig und würde wieder U.
318 366 2079 572 mit einem Kuss zum Abschluss zu bringen aber
317 503 3372 682 Unklaarheiten schaffen.- Ja er hat recht. Mit einem Kuss ist nichts getan.
332 645 3595 792 Nur mit Worten die aus den Herzen kämen und überzeugen müssten. Aber die kann und
322 762 3618 990 will er nicht finden. Ja,- er ist in mich verliebt und er braucht irgendwie meine
327 937 3495 1067 Liebe, aber er hängt an der andern braucht ihre affektierte Intelektualität u.
325 1056 1071 1232 ihr ganzes Getue.
344 1145 3635 1325 Verona. Scheusliches Hotel schmutzig verwarlost. Nach einer schlechten Nacht Sæke
346 1290 3527 1468 Sehenswürdigkeiten angesehen. Die Stadt macht einen tristen Eindruck. Nichtz-
346 1407 3663 1599 sagende conversationen zwischen uns. Ich habe mich noch nie so sehr nach Hause
348 1563 2985 1742 gesehnt. Ich werde aufahmen wenn ich wieder mein Zimmer betrete.
395 1719 2229 1856 Das Grab Julius ohne Ergriffenheit gesehen.)
375 1928 3614 2111 Bis Westre gemeinsame Fahrt. Auch der Abschied brachte keine Erlösung. Ich soll
357 2082 3501 2250 einsehen - einsehen. Ich frage mich wie er sich diese Einsicht vorstellt. Ob
356 2194 3568 2347 ich seine Liebe zu mir, an dem Eigensinn und der Wichtigkeit erkennen soll, mit
358 2337 3400 2508 der er sich seine Freiheit im Verkehr mit seiner geschiedenen Frau sichert.
355 2467 3486 2640 Er küsst mich auf die Augen, ich soll ohne Feindseligkeit seiner gedenken u.
353 2580 3619 2755 wünscht ein gutes Wiedersehen. Ich bringe kein Wort über die Lippen. So trennen
362 2715 2565 2877 wir uns. Es ist 2 Uhr. Morgen Früh um 8 Uhr zu Hause.
360 2837 3659 3021 6 September. Zu Hause! zu Hause! Ein mir vertrauter lieber Raum um mich. Ich
370 3021 3661 3160 athme auf. Ich weiss es ist nur ein vorübergehendes aufathnen - die bösen Gedank
374 3145 3625 3296 ken werden erst kommen aber vorläufig liegen die vergangenen Tage wie ein böser
371 3264 1075 3408 Traum hinter mir.
373 3372 3623 3525 Meine Kinder telefonisch gesprochen. Mittag kommen Karry und Magdy morgen Herr
382 3492 3513 3644 zu mir. Für morgen Abend habe ich alle drei zu mir gebeten. Und wenn sie mich
363 3657 3478 3830 auch nicht mehr brauchen, sie gehören doch noch zu mir, - sie wirklich. Oder
360 3766 1675 3953 bilde ich miß das auch nur ein?
3552 90 3655 241 51
