3786 4638
2293 376 3152 510 St. Moritz, 28.7.1930.
2300 485 2938 574 Hotel Victoria.
2317 539 2708 676 Morgens.
480 648 3379 786 Mein liebes Kind, auch dies ist noch nicht die Antwort auf Deinen Brief
533 780 3256 897 vom 23. Ich will Dir heute nur über die äusseren Ereignisse und den
497 901 3330 1071 Alltag in St. Moritz berichten, ehe ich mich auf einen Spaziergang bege¬
488 1023 3336 1204 be, der heute hoffentlich möglich sein wird, obwohl schon wieder dunkle
530 1167 3383 1318 Wolken aufziehen. Weiter als bis zum Stalzersee und bis nach Pontresi¬
475 1304 3364 1443 na bin ich noch nicht gelangt; manchmal allein, manchmal mit Heini. Vor¬
494 1462 3276 1580 gestern Abend war ich bei Emil Ludwig – eine wunderbare kleine Villa
499 1569 3403 1706 nah dem Suvrettahaus und ganz verborgen. Er hat sie seiner Frau zum sil¬
527 1713 3247 1835 bernen Hochzeitstag geschenkt. Ausser mir anwesend Bruno Walter mit
500 1826 3322 1950 Gattin, zwei englische Italienerinnen oder italienische Engländerinnen,
519 1979 3445 2093 weisshaarig und elegant und Jakob W., sowie ein Züricher Arzt, Ein unver¬
498 2111 3372 2229 gleichliches Souper mit Champagner; – anregende Unterhaltung über Wagner
485 2220 3407 2371 und näherliegende Themen.– Ludwig klug, auf sich bedacht, eitel
483 2374 3467 2500 und überliebenswürdig, excellirt besonders in einer Hauptmann-Kopie.
517 2500 3380 2609 Gestern Abend waren S.Fischer und Frau und Jakob bei mir. Die un¬
475 2606 3157 2743 glückseligen Buchverhältnisse wurden besprochen und ich merke, dass
473 2761 3163 2868 S.F. gewissermassen mehr um mich besorgt ist als ich selbst. Schon
482 2839 3363 3000 neulich am Stalzersee hatten wir allerlei Praktisches zur Sanierung be¬
512 2971 2366 3162 sprochen, ohne zu einem Resultat zu gelangen.–
475 3126 3356 3279 Gestern Abend schon kam Ruth an; für morgen Dienstag wird Julius erwar¬
508 3281 3364 3434 tet. Mein weiteres Verbleiben ist von all dem wenig abhängig; am wahr¬
508 3385 3397 3569 scheinlichsten bleibt es, dass ich von hier aus, ohne besondere Unterbre¬
463 3528 3183 3678 chung um den 10. herum nach Wien fahren werde. Programmlosigkeit und
472 3632 3309 3812 Ruhe erscheint mir für meine Nervenzustände wichtigst.– Das Essen ist
460 3787 3268 3940 leidlich, manchmal gut; bekömmlich ist es keineswegs. Die kohlensauren
445 3927 3344 4043 Bäder gebrauche ich mit Vorbehalt; erfrischend sind sie ja doch nur zu¬
460 4046 2182 4169 haus – wo das Bett ganz nah vom Bad steht.
458 4171 3270 4289 Mit der Arbeit bin ich auch noch nicht weiter gekommen; Heini hat den
