3787 4723
1915 243 2820 392 Berlin, xx,13.3.1929.
1915 373 2608 510 Hotel Esplanade.
1136 445 1431 560 en
613 497 3455 657 Mein Liebes, trotz Schlafwagen eine sehr mässige Nacht nach
578 648 3344 762 einem sehr frugalen aber trotzdem xxx guten Souper im Speisewagen.-
564 765 3434 901 Provisorisches jedoch zweibettiges Zimmer - eben das definitive ebenso
579 890 3266 1023 zweibettige bezogen.- Sprach eben Heini, der bei mir im Hotel war.-
564 1054 3337 1180 Die B. telefonierte - sie habe wieder ihre Telefonnummer gewechselt;
576 1163 3449 1282 bin heute Abend mit ihr zusammen. Und eben jetzt komme ich aus dem Deut-
568 1296 3355 1433 schen Theater, wohin mich Kahane dringend gebeten hatte; - sprach mit
577 1402 3271 1549 diesem (dem ich Deinen Gruss bestellte) - (Ah, Ihre Schülerin") - Und
560 1561 3419 1706 Esmund Reinhardt (der in komischer Verlegenheit ar). Sie wollen durch-
555 1692 3421 1797 aus die "Elze" - auch wenn sie im Sinne Strnads einen Saal mieten müss-
549 1823 3455 1941 ten.-Bergner scheint jetzt sehr gegen Reinhardt zu sein. "Bei Barnowsky"
618 1955 3416 2063 weiss man wenigstens, was für einer Null man gegenübersteht; -bei Rein-
608 2070 3424 2206 hardt aber nie, mit welchem Saukerl man eigentlich zu verhandeln hat". -
573 2217 3428 2325 Und er hatte - noch keinem die Strnad Masse geschickt! Jedesfalls muss
579 2334 1294 2481 Strnad herkommen.
576 2441 3396 2586 Im Weggehen traf ich Robert Krein, der sich mir vorstellte - sieht aus
570 2621 3465 2741 wie ein jüdischer Student; mit ihm aprech ich morgen. Telefonisch sprach
575 2718 3398 2832 ich auch mit Viki (der mich anrief) und Dora. Nun geh ich zu O. Mittag
625 2837 935 3029 essen. -
586 2994 3452 3123 Ich wollte Dir nur in aller Eile die wesentlichen Mitteilungen machen; -
581 3117 3346 3260 ich denke die Angelegenheiten werden weiter gehen. Ich umarme Dich in
579 3256 1132 3415 Zärtlichkeit.
1211 3399 1542 3522 Dein A.
1645 3530 1864 3627 - - — —
3540 84 3702 254 200
