3686 4707
2737 305 3077 452 2.1.27.
463 517 3447 658 dämonische Frau zu spielen, vielleicht besser als jene Damen, denen Dämonie
474 665 3237 772 nichts als ein Mäntelchen ist, das sie sich genau so umhängen, wie ein
462 778 3314 909 Kleid, das schlecht zu ihnen passt und die hauptsächlich darin besteht,
481 925 3251 1030 dass sie pflichtvergessen sind, gut und bequem für das Geld des unge-
477 1034 3406 1211 liebten Gatten leben, die Augen verdrehen und in die Ecke schielen. Dämo-
457 1203 3408 1306 nie in meinem Sinn ist aber ein kleines Raubtier, das man selbst in einen
468 1325 3375 1429 Käfig sperrt und mit dem man selbst nicht zu spielen wagt, oder ein Ele-
460 1448 2947 1577 ment, das im gegebenen Augenblick auch elementar hervorbricht.
852 1582 3313 1714 Ich habe da viel mehr geschrieben als ich wollte, aber es ist
459 1697 3317 1805 im Bett so schön warm und ich habe ohne Ueberlegung einfach darauf los
471 1832 3285 1964 geschmiert. Ich möchte sehr, dass Du meine Leilen richtig und gut ver-
508 1981 829 2106 stehst.
871 2062 3410 2257 Gestern war ich, wie ich Dir schon sagte, den ganzen Tag mutter-
471 2224 3385 2349 seelenallein. Ich habe mit Andacht das letzte Gespräch Aurelie-Falkenir
474 2370 3341 2504 übersetzt und überhaupt den Akt bis ans Ende, so dass ich ihn Dienstag
522 2503 3363 2651 Vormittag besser diktieren kann. Jetzt muss ich jemanden zum Korrigie-
475 2639 3397 2787 ren finden und zum Abschreiben, denn Frieda sagt, sie habe in den nächsten
461 2765 3427 2911 Tagen keine Zeit. Jetzt will ich rasch aufstehen und in die Sonne hinaus.
461 2872 3334 3011 Eben telefoniert mir Baron Puton, dass er mich Nachmittag besuchen will.
508 3018 2520 3155 Ich habe Jagesagt. Mittagsind Fredi und Felix da.
912 3160 3311 3278 Frieda lässt Dichherzlich grüssen und Dir für Deinen Brief
469 3273 2948 3387 danken, aber sie ist so gehetzt, dass sie nicht schreiben kann.
906 3391 3370 3555 Gisela B. brachte mir gestern Früh, als ich noch zu Bett war,
467 3523 3189 3680 Blumen und gab sie bei meiner Türe ab. Sie ist rührend lieb zu mir.
477 3646 3362 3845 Ich danke Dir tausendmal, dass Du so lieb warst mit W. und F. von mir zu
470 3790 1539 3942 sprechen. Ich hoffeehoffe!
867 3936 3401 4065 Ichp hoffe auch, dass Deine verschiedenen Unterredungen noch zu
464 4042 3276 4233 einem guten Abschluss führen und Du in guter Stimmung heimkehrst. Ich
463 4172 2869 4326 erwarte Dich mit offenen Armen und Herzlichkeit. Deine C.K.
