3771 4622
588 221 1016 426 4.7.1931.
632 409 3387 604 Sonnt nur Hofrat Pollak, ohne Frieda. Nachmittag war ein starkes Gewi¬
596 546 813 693 ter.
635 688 3446 835 Sonntag.5.7. Mittag bei A., lavierende Gespräche über die Sommerreise.
599 822 3410 976 Nach Tisch schlief er im Garten ein.Ich ging bald fort. Abends wieder
603 973 3214 1116 drüben mit Donaths. Müdigkeit und Verlegenheit auf allen Seiten.
598 1076 3298 1232 Montag Vormittag 6.7.Hedwig Abschied genommen, dann bei Krupnik ein
613 1219 3459 1360 einfaches weisses Kreid gekauft. Auch das ist mir zu mühsam - Kleider
650 1365 3295 1493 aussuchen, probieren, dazu bin ich zu müd. Mir wurde fast schlecht.
600 1457 3373 1657 Eben Anruf Prof. Schinnerer, war sehr bewegt. Als wir in Territet aus-
606 1637 3456 1788 einandergingen - es sind noch nicht 2 Jahre - da war ich noch froh und
609 1761 3375 1924 glücklich. Ich schäme mich, dass er mich und unsere Beziehung so wie-
585 1891 1004 2030 derzieht.
609 1977 3429 2175 Jetzt erwarte ich Dr. Selinger und Karl, dann auch A., der plötzlich mit
646 2112 3221 2255 den Beiden über mich sprechen will. Ich glaube, er misstraut mir
608 2267 2485 2403 und möchte wissen, ob ich wirklich leidend bin.
646 2353 3408 2536 Dienstag 7.7. Gestern Abend im Prater mit A. und Prof. Schinnerer, der
618 2572 3494 2699 sehr gut aussieht und sehr nett zu mir ist. Bei Prochaska genachtmahlt.
607 2634 3380 2840 Dann Wurstlprater, Bauchredner etc. A. recht gut aufgelegt, aber gegen
612 2780 3308 2941 mich kühl wie immer; eine Erleichterung, dass Schinnerer dabei ist.
612 2900 3587 3062 Bei der Unterredung A.'s mit Cary und den Aerzten war ich nicht anwesend,
612 3054 3345 3184 ich ging in den Garten hinunter. Morgen soll ich mich röngenizieren
611 3180 943 3333 lassen.
616 3265 3403 3451 Donnerstag 9.7. Gestern und heute Vormittag Spital, Untersuchungen mit
613 3413 3400 3609 Barium. Ausgebreiteter Darmkatarrh, Gallenstein. Seit 2 Tagen heftige
641 3583 3406 3742 Schmerzen im rechten Fuss, angenehm für den Semmering. Nerven täglich
621 3722 3379 3861 schlechter. Gestern Abend mit A. allein Kino "Tropennächte", dann bei
622 3814 3311 3997 Gruss genachtmahlt. Qualvoll.- Geburtstag meiner Mutter.-
2588 3983 3422 4117 gungen. Dann mit Anna
604 3991 2426 4107 Freitag 10.7. Mühsam in der Stadt ein paar Be
601 4103 3473 4281 bei Klomwer schlecht gegessen. Sie ist der beste Mensch. Ich glaub, sie
