3771 4654
3559 125 3685 302 16
677 231 1326 405 Tgb. 29.4.1931.
663 435 3361 607 30.4. Heute Früh Anruf A. Ich ersuche ihn mich erst Sonntag wieder
3002 557 3626 660 ceron des ci enniers
688 613 3685 755 anzurufen, um der Sanierung weiger Nerven und Seelenhygiene nicht in Aplat
680 719 3255 879 Weg zu stehen und ohne damit seinen Abstecher auf den Semmering
680 856 3493 996 damit beeinflussen zu wollen. Er soll mich indessen als abgereist be-
678 974 2955 1137 trachten. Er: (darauf) "Vielleicht ist das wirklich gut".
665 1126 3421 1290 Bei den Kindern Abschied nehmen. Ich bin allein. Am Abend in meinem
681 1235 3450 1453 kleinen Garten herumgerannt. Ein goldener Vollmond glänzte am blauen
715 1352 1232 1500 Abendhimmel.
659 1527 3495 1680 1.5. ich höre nichts von ihm. Die leise Hoffnung, dass er doch anrufen
700 1620 3405 1797 wird ist verflogen. Wie konnte ich auch denken, dass er sich melden
661 1738 3302 1914 wird. Er hat meinen Vorschlag sofort ohne Einwand angenommen. Er
640 1910 3441 2019 braucht angeblich "Ruhe", "Einsamkeit", und dann erzählt er Andern, wie
670 2050 3468 2217 er unter seiner Einsamkeit leidet (siehe Frieda), wenn er es auch dann
672 2164 3346 2322 wieder ableugnet. Ein kühler, windiger Frühlingstag. Die Sonne wird
664 2258 3372 2423 immer wieder von Wolkenfetzen verdrängt. Z/weimal für eine Viertel-
690 2389 3531 2568 stunde fortgewesen, meine nausfrau weit zwei Tagen fort, ich bin allein
657 2517 3355 2755 im Haus. A. weiss das alles, weiss in welchem Zustand meine Nerven
648 2651 3503 2873 sind, aber er hat meinen Vorschlag angenommen, ja er sagte sogar, dass er
646 2823 3374 2998 voraussichtlich nächste Woche auf den Semmering fährt.-Wenn er noch
627 2932 3381 3088 hinzugefügt hätte: aber später will ich mit Dir zusammen eine Reise
634 3062 3503 3264 machen, - aber Gott behüte sich festzulegen - sich zu etwas verpflichten.
643 3189 3360 3383 Und dabei behauptete er vor 5 Tagen bei unserer Auseinandersetzung,
636 3341 2777 3531 dass er nur mich liebt und niemand ihm so nahesteht.
629 3457 3394 3603 Er liebt mich vielleicht wie die alte Lampe in seinem Zimmer, von der
624 3607 3480 3792 er sich auch nicht trennen konnte, aber ein Menschenherz kann man nicht
627 3735 1675 3889 einfach so hängen lassen.
627 3867 3312 4034 2.5. Ich war gestern gegen Abend allein im Kino, um die Zeit totzu-
626 4027 3469 4190 schlagen. Der Film "Einbrecher", so elend, dass er mich nicht von meinen
617 4108 3339 4321 Gedanken allenkte. Am Heimweg 10 vor seinem Haus vorbei. Alles fin-
613 4280 3259 4404 ster, nur in der Küche Licht. Wo mag er sein? - Heute Vorm. Stadt,
