3759 4687
502 392 1252 593 25 ten August 1933
504 656 3322 834 Wohin mein Weg mich führt ich weis es nicht, - aber er führt mich weit
520 747 1262 892 weit fort von dir.
509 895 3306 1020 Ich habe Dir Alles geben wollen, was ein Herz zu gegen vermag, aber
516 1027 3269 1159 ich bin weit mehr als einem Jahr vor verschlossenen Türen gestanden.
506 1127 2864 1286 Mögen dich andere glücklicher machen als ich es vermochte.
506 1305 3445 1440 Vielleicht wirat du mich einmal in der Erinnerung so sehen wie ich wirk-
512 1424 883 1555 lich war
852 1555 1126 1730 Deine
1105 1563 1745 1774 Clara Katharina
1132 2228 3552 2369 Mein Abschieds - Brief an dem Abend als ich sterben wollte
506 2284 2622 2524 Wurde A. am nächsten Morgen durch Anni D. überbracht
3464 50 3609 160 de
3464 132 3595 312 238
