3743 4634
648 267 881 419 1928
598 433 3391 607 Denn mit Liliputbahn in den Wurstprater. Fülle und Leben. Wien steht
632 619 3429 767 im Zeichen des Sängerfestes (Schubertfeier). Aus dem Rieseurad herun-
625 771 3437 894 ter tönt ein Waldhorn, Melodie der Volkshymne, es ist aber auch gleich-
621 861 3349 990 zeitig "Deutschland, Deutschland über alles". Wir gingen Arm in Arm.
998 977 1491 1096 nachhause..
638 1029 1358 1173 Um 3/4 1 zuhause.
629 1144 3361 1292 22.7. Eine neue kleine Novelle angefangen nach einer impression vom
670 1281 3430 1410 heurigen Sommer in Gardone. "Der blinde Barspieler". Versuch grosser
623 1390 3578 1545 Kürze, und direkt in die Maschine, oder richtiger mit der Schreibmaschine
653 1555 3490 1669 geschrieben. Abend zuerst bei A. in der Dämmerung gesessen. Besonders
642 1667 3289 1825 guter, zärtlicher Abend. Dann im Türkenschanzpark genachtmahlt. A.
636 1821 1954 1933 mich mit Auto nachhause geführt.
683 1920 3418 2085 23.7. Novelle weiter geschrieben. Am Abend bei FriedaP. im Gottage.
633 2055 1323 2204 Recht gemütlich.
651 2192 3383 2316 24.7. Meine kleine Novelle fertig. Sie misfällt mir nicht. Will den
652 2310 2076 2479 Abend mit Otto und Anna verbringen.
640 2445 3517 2613 25.7. Abend bei A., ihm meine Novelle vorgelesen. Sie gefällt ihm sehr.
689 2593 1964 2705 Gutes,glückliches Zusammensein.
686 2693 3304 2829 26.7. Ich bin trostlos. Telegramm aus Venedig. Lili erkrankt. A.
643 2857 3502 2974 fährt morgen Früh mit Flugschiff hinunter. Wir haben noch keine Ahnung.
658 3004 3335 3128 was geschehen ist. Letzter Brief vor zwei Tagen sehr vergnügt. Der
641 3105 3449 3248 Gedanke, dass er bei der Hitze, in der Aufregung hinunterfährt, ist ent-
652 3234 2336 3398 setzlich. Es war eine zu glückliche Zeit.
640 3348 3368 3496 27.7. Den gestrigen Abend werde ich nie vergessen. Ich wusset schon
650 3503 3509 3609 am Nachmittag durch einen Anruf der Frau M., dass Lili lebensgefährlich
653 3620 3487 3758 erkrankt ist. Am Abend während ich bei A. war, Anruf aus Berlin von der
648 3784 3383 3911 0., die auch schon ein Telegramm hat. Lili schwer erkrankt. Sie soll
656 3903 3417 4069 kommen. Sie ist heute mit Flugschiff hieher gekommen und mit A. wei-
652 4019 2891 4192 tergeflogen. Und ich stehe da, abseits, kann nichts tun.
642 4176 3417 4288 Der Schmerz dieses alten Mannes gestern war erschütternd. Was vermö-
659 4290 2095 4465 gen alle Worte, alle Zärtlichkeiten.
3517 86 3662 231 131
