3770 4659
588 555 3523 742 Auf diesen Brief hin rief mich Arthur sehr verzweifelt an und erklährte
534 739 3451 887 ich müsse nochmal zu ihm hinauskommen, wir dürfen nicht so auseinander
600 842 3438 1007 gehen, es müsse eine Veständigung möglich sein. Kurzum ich bekam wie
612 1019 3493 1155 immer Angst, die Aufregung könne ihm schaden, ich fuhr zu ihm und ein
614 1140 3452 1274 endloses erschöpfendes Gespräch mündete in Versicherungen seiner Liebe
607 1239 3398 1397 in Zärtlichkeiten und er rang mir das Versprechen ab, ihn nach einem
615 1356 3399 1504 kurzen Aufenthalt (er in Campiglio, ich in Schloss Neudorf ) wieder
608 1514 3460 1658 in Botzen zu treffen. Ich fürchtete mich vor dem Alleinreisen, da ich
602 1669 3454 1803 ja nach einer schweren Krankheit und nie vor Anfällen ganz sicher war,
601 1771 3464 1945 und fürchtete mich auch vor der Ungewissheit dieses Rendezvous mit ihm,
601 1890 3403 2034 und vor der Stimmung die ein Zusammensein mit O. erzeugen könnte und
616 2027 3410 2179 ich hatte mit meiner Angst nur zu Recht. Aber was blieb mir übrig als
675 2140 3476 2316 "ja" zu sagen. Welche Worte welche Liebkosungen wenn er etwas errei¬
615 2306 3532 2426 chen wollte. Immer wieder sagte er: Weisst du denn noch immer nicht was
630 2431 3497 2568 du mir bist - fühlst du es denn nicht - und dann wusste ich wieder dass
612 2576 1978 2706 er mich lieb hat und glaubte ihm.
1093 2764 3444 2992 Eigenhändige Bemerkungen
1380 3017 1807 3168 von
1541 3164 3068 3453 ClaraKatharinaP.
