3690 4710
2092 252 3416 389 Wien, 18.3.1930. mit einem Strauss
2081 372 3084 470 Dahlien bei A. abgegeben.
605 359 1167 516 An A.S., Wien.
1124 610 3346 733 Es wäre wirklich gesünder gewesen mit mir in die Sonne
626 718 3400 877 zu gehen und nichts wichtiger. Ich betone dabei nicht das Wort "mir",
629 861 3459 1018 sondern die "Sonne". Ich sende Dir diesen Gruss von meinem Vormittags-
632 1038 3370 1145 spaziergang und wünschte mir sehr ein wenig Frühling in Deine Seele.
622 1138 1782 1308 Dann wäre das Leben schöner.
1334 1287 1583 1405 Deine
1565 1388 1779 1551 C.K.
