3690 4694
2685 319 3117 490 28.12.28.
577 512 3347 617 eine wirkliche Sympathie. Wir gingen dann in den Salon, wo eine Menge
572 643 3403 764 Maler, ein hässliches Malweib und eine kaum schönere Gräfin Coudenhove
588 802 3184 919 sass. Alma kochte schwarzen Kaffee, duzte alle, schickte den etwas
577 908 3215 1019 schmierigen Dienerknaben, den sie "Ernsti" rief,Schnaps und Gläser
574 1044 3347 1138 von ihrem Schreibtisch holen. Dazu gab es einen Baumkuchen und Weih-
576 1184 3389 1279 nachtsstrietz. Es wurde viel über Malerei, Porträts, Kokoschka gespro-
575 1269 2270 1433 chen und ich glaub, ich hab genug geredet.
1131 1435 3299 1560 Alma begleitete mich d ann hinaus und redete noch zwi-
583 1557 3293 1677 schen Tür und Angel eine Viertelstunde lang von Dir und um Dich he-
576 1703 3382 1851 rum. Ich sagte ihr, daß mich nur interessiert, dass Du Dich dort nicht
579 1807 3463 1918 erkältest und Dich über nichts aufregst, alles andere sei ganz belanglos
565 1963 3378 2095 für mich. Details dieses Gespräches wenn überhaupt, dann mündlich. Ich
570 2074 3216 2246 glaube aber, wir können sie uns schenken. Wir haben übrigens Beide
555 2196 1933 2347 gefunden, dass Du sehr schön bist.
1084 2336 3253 2487 Ich habe mit Alma verabredet, dass sie und Werbel Ende
574 2458 3373 2609 nächster Woche Samstag oder Sonntag mit Dir zusammen zum Nachtmahl zu
556 2607 3280 2736 mir kommen. Ich telefoniere ihnen, sobald ich den Tag Deiner Ankunft
570 2741 3241 2863 weiss. Ich fand zuhause Deine liebe gestrige Karte vor und erwarte
561 2862 3111 3033 morgen den ersten Brief. Ich werde übrigens nicht immer so viel
554 3012 3185 3104 schreiben, denn ich fühle, dass ich mehr abbeiten muss. Ich bin gar
550 3130 3195 3231 nicht zufrieden mit mir. Aufregungen, Sorgen und zaletzt die Ueber-
548 3268 3397 3398 siedlung haben mich in den letzten Monaten zu sehr erfüllt. Vielleicht
546 3399 3317 3539 werde ich doch die "Carday" vorläufig sein lassen müssen, so sehr sie
548 3524 3279 3653 mich lockt und erst durch etwas anderes ins Arbeiten zu kommen ver-
546 3624 882 3755 suchen.
1044 3776 3266 3923 Morgen Vormittag will ich in die Stadt und zu Tisch zu
539 3913 3235 4071 Anna. Dann aber bis Mittwoch mich nicht von hier fort rühren. Gute
554 4014 3189 4168 Nacht, mein Liebes, sei nur vorsichtig bei diesem Sauwetter, erkälte
567 4113 2899 4226 Dich nicht und wenn Du das Geringste spürst geh nicht aus.
1070 4190 3338 4290 Ichösitze in meinem Erker, der Regen prasselt an die Fen-
555 4246 3254 4349 sterscheiben, alles ist still im Haus und mir ist, als wär ich allein
536 4310 3373 4439 auf einer fernen Insel oder in einem fremden Land. Ich küsse Dich sehr.
1339 4407 1772 4508 Deine C.K.
3425 120 3552 248 17
