3674 4678
2795 357 3176 485 14.5.30.
640 540 3294 666 habe, aber diesmal tat ich es. Es war vor vielen Wochen, als wir im
647 690 3276 788 Auto zur "Heiligen Flamme" fuhren und zum ersten Mal von Arnoldos
642 809 3384 938 Urlaub und der Möglichkeit eines gleichzeitigen Besuches Deiner frü-
642 970 3359 1080 heren Frau die Rede war. Ich sagte: "Nun ja, dann wird sie eben her-
676 1056 3467 1230 kommen. Ich bitte Dich nur um Eines hier und nicht ausserhalb Wiens.
643 1195 3434 1333 Selbst wenn Du diesen Wunschmals einen nicht gerechtfertigten hättest
650 1359 3430 1487 ansehen können, so hättest Du ihn mit ein wenig Liebe für mich berück-
646 1497 3479 1631 sichtigen dürfen. Keinerlei zwingende Gründe sprachen dagegen. Du aber
647 1601 3329 1738 bist ruhig an meinem Leid vorbei, - das Du sicher geehnt hast, wenn
651 1712 3358 1840 ich es durch keine Silbe verriet, - in dieses Hotel hinaufgefahren,
635 1866 2677 1998 in dem wir voriges Jahr Tür an Tür gewohnt haben.-
1150 1957 3241 2119 Und heute kommst Du mit Deiner früheren Frau wieder
673 2090 3299 2281 hieher zurück und morgen am Abend Deines Geburtstages (wie Du mir
651 2254 3211 2419 telefonisch sagtest) darf ich zu Dir kommen. Nein, mein Kind,ich
638 2390 3359 2502 glaube nicht, dass ich das in diesen 7 Jahren der Liebe um Dich ver-
633 2518 3312 2623 dient habe. Aber es handelt sich nicht um diesen einen Tag allein,
648 2634 2158 2810 sondern um all unsere künftigen Tage.
1137 2765 3193 2915 Du sagtest in diesem Sommer in Caux, in der letzten
624 2889 3258 3054 glücklichen und vielleicht glücklichsten Zeit unserer
625 3033 3234 3195 Beziehung - "die Eigenschaften und das Wesen der O. seien Dir so
631 3163 3240 3301 zuwider, dass es Dich schon fast ungerecht gegen sie mache" - und
625 3307 3430 3436 ein ander Mal: "Wenn die Operation nicht gewesen wäre, würde ich nicht
630 3446 3313 3576 mehr daran denken sie zu treffen.“ Ich weiss sehr wohl, dass Du sie
612 3558 3193 3698 nicht mehr liebst, aber die Frage ist, ob Du mich noch liebt. Es
628 3692 3391 3840 dreht sich nicht zwischen die Wahl z wischen mir und ihr, sondern xxx
632 3818 2664 3985 um die zwischen einer vollkommen Freiheit und mir.
1139 3992 3357 4120 Eine Zweisamkeit ist immer eine Art Gebundenheit. Wenn
632 4105 3325 4215 man aber immer Habtacht vor der Freiheitbsteht, dann vernichtet man
