3782 4710
694 277 1337 447 Tgb. 30.3.1930.
692 467 3530 606 cherlich zurückhaltend und ich mache ihm jede Zärtlichkeit schwer. Bin
707 573 3489 748 ich zärtlich, so ist er verkrampft und sagt, wenn man etwas von ihm er-
711 755 3381 886 wartet kann er es nicht geben. Ich kann nicht mehr weiter. Ich bin
701 883 3413 1015 unglücklich und einsam,wenn ich nicht mit ihm bin und zerquält, wenn
709 999 3509 1126 wir beisammen sind. Und dabei diese schreckliche Angst, dass das alles
691 1116 3532 1256 krankhaft bei ihm ist. Ich behandle wie ein Kind oder einen Patienten.
683 1305 3310 1459 2.4. Gestern Abend A., Dr. D. mit Frau, Carri und Magdi bei mir zum
714 1492 3418 1611 Nachtmahl. Trauriger Abend. A. fast immer geschlafen. Dr. D. wollte,
707 1592 3379 1742 dass ich singe. Ich weigerte mich zuerst, da ich seit Jahren keinen
699 1753 3333 1882 Ton gesungen habe. Dann tat ich es doch. Anni D. begleitete mich.
736 1876 3429 1989 Alle waren erstaunt über meine Stimme, obwohl ich nichts mehr kann.
710 1990 3421 2096 A. machte einen Augenblick die Augen auf und sagte, meine Stimme sei
704 2122 3432 2234 viel schöner geworden. Dann fielen ihm die Augen wieder zu. Ich bin
718 2269 1227 2395 so traurig.
688 2390 3378 2514 Gespräch mit Dr. D. über A., der morgen zu ihm kommen soll. Sage ihm
703 2501 3470 2620 meine Sorgen und dass A.'s Zustand bestimmt durch das bevorstehende
716 2643 3423 2779 Zusammentreffen mit Arnoldo und Heini beeinträchtigt wird. Ich habe
718 2779 3352 2894 nichts dagegen, dass die u. her kommt, das ich aber absolut nicht
723 2881 3388 3031 will, dass er mit ihr irgendwo anders zusammentrifft. Denn wenn er
715 3012 3419 3165 sich nicht wohl fühlt, so ist er ihr ausgeliefert und ich kann nicht
712 3147 3371 3294 einmal zu ihm. Er muss das verhindern und überhaupt muss etwas für
714 3300 3354 3443 A. geschehen. Es muss doch schliesslich die Möglichkeit einer Kur
709 3418 1622 3598 oder Behandlung geben.
745 3564 3424 3778 4.4. Heute Abend bei "Wozzek" von Berg. Unerquicklich, wenn auch si-
714 3756 3351 3851 cher begabt. Die Musik für mich unverständlich. A. sah so schlecht
718 3839 3467 4003 aus, dass alle Menschen ihn anstarrten. Er war Nachmittag bei Dr. D.,
706 3993 1984 4134 morgen werde ich Näheres hören.
707 4161 3428 4338 5.4. Gespräch mit Dr. D. Sehr hoher Blutdruck, grosse Ruhen nötig. A.
707 4334 3400 4473 angeblich irritiert, weil er fühlt, dass ich mich über das Zusammen-
3601 107 3712 236 33
