3787 4730
2152 188 3000 406 2.5.1926 Bl.4.
758 424 3443 549 weise noch Kost empfinde ich als mir gemäss. Meine Skzzen habe ich
749 563 3399 706 alle durchgesehn und bin nun bei der Badner Novelle, deren Schluss
759 675 3288 855 ich mir eben vornehmen will. Ich übleibe zu diesem Zweck an dem
746 820 3407 922 (einzigen) Schreibtisch des Drawingroms sitzen; (mit dem Seiten-
752 965 3439 1096 blick aufs Meer). Der Himmel ist bedeckt und es ist eher kühl. -
749 1099 3389 1221 Ich werde diesen Brief wohl nach Lissabon mitnehmen und dort auf-
754 1247 3364 1352 geben; er wirdkaum früher bei Dir sein als ich in Hamburg anlan-
759 1368 3318 1480 ge (am 10. oder 11.-das Schiff hat von Südamerika her wegen Wind
756 1494 3490 1580 eine 8 Stunden Verspätung, wie gemeldet wird (vom Schiff aus, Radio). -
762 1628 3308 1737 In Berlin werden wir uns circa 6 Tage aufhalten; kurz nach dem
754 1740 1916 1866 15. Hoff ich daheim zu sein.
741 1886 3304 2017 Berlin wohn ich voraussichtlich wieder im Esplanade; bis dahin
740 2011 2483 2121 hast Du natürlich noch weitere Nachricht-
746 2145 3400 2240 Du hast hoffentlich regelmässig geschrieben, so dass ich in Lissa-
762 2268 3227 2400 bon eine Art Tagebuch von Dir in Briefform erhalte; ich sehne
756 2406 3244 2521 mich sehr nach Deinen Schriftzügen, Deinen Worten,- und andern
748 2548 3405 2694 Zeichen Deines Daseins und Deiner Empfindungen, auf die ich frei-
752 2671 3284 2782 lich noch geraume Zeit werde verzichten müssen. So sei denn in
739 2786 2468 2961 die Ferne hin zärtlichst umarmt von Deinem
2438 2937 2509 3035 A.
2029 2991 2076 3184 --
3508 78 3675 251 282
