3702 4667
1847 298 2663 460 Riva, 4. August 1925.
661 432 1673 574 An A.S. Karerpass-Hotel.
647 634 3282 778 Liebster, ich schickte von hier einen telegrafischen Gruss an
638 766 3340 930 Dich ab, da die Postverbindung, wie mir der Portier sagte, nicht ganz
661 905 3344 1060 verlässlich ist, nämlich was die Dauer anbelangt. Es kommt vor, dass
695 1040 3369 1160 sie einen Tag später hier weggeht, als man sie aufgegeben hat. Also
627 1190 3392 1305 nun zuerst eine Reisechronik. Die Fahrt war recht beschwerlich. Wir
644 1288 3259 1456 waren 6 im Coupé, die Mitreizenden höchst unsympathisch. Ich habe
676 1429 3473 1600 2 Stunden auf 2 Sitzen zusammengerollt geschlafen, nämlich vön 1/2 12
631 1558 3248 1710 bis 1/2 2, während Carly sich im Gang aufhielt. Wir haben uns den
676 1681 3246 1832 ganzen Tag von Bananen und Deiner Schokolade genährt, stiegen in
633 1824 3370 1951 Bozen und Rovereto (nicht Mori) um, sind um 1/4 6 Uhr sehr müde hier
639 1947 3474 2127 gelandet. Die Fahrt mit der Kleinbahn von Rovereto hieher ist ungemein
634 2084 3405 2192 reizvoll, erinnert im Charakter sehr an die tragische Landschaft zwi-
632 2206 3313 2358 schen Molveno und Trient. Riva selbst ist viel schöner, als ich er-
601 2332 3307 2517 wartet habe. Ich muss sogar sagen, ich finde es besonders schön und
615 2462 3294 2623 dabei gar nicht heiss, wenigstens bisher. Als ich gestern Abend mit
624 2588 3351 2750 Cary im Mondschein und unter Palmen ain wenig spazieren ging, war es
592 2703 3216 2890 fast kühl, der Anblick märchenhaft. Dabei spielte eine Kapelle in
650 2852 3338 3031 der Hotelhalle abwechselnd mit einer andern, die bei einem grossen,
603 2987 3254 3137 kreisrunden zemmentierten Tanzplatz im Freien spielt. Gestern war
586 3130 3410 3288 selbst Cary zu müde, um sich für diese Tanzgenüsse mehr zu inteessie-
632 3258 3370 3375 ren und ich glaube bei näherer Betrachtung werden sie durch die Be-
606 3383 3286 3513 teiligten verlieren. Das Hotel scheint gut - im Rang und viellicht
590 3487 3236 3644 auch in der Art wie das Spendid-Hotel in Lugano. Das Essen besser
609 3632 3216 3761 (oder vielleicht erscheint es mir nur nach "Kramer" so), wenn auch
634 3741 3331 3932 nicht auf der Höhe der Engadin-Hotels. Nicht einverstanden bin ich
642 3913 3396 4067 mit meinem Zimmer und mit dem Publikum. Das erstere wird sich viel-
581 4011 3280 4196 leichtändern lassen. Das Zimmer ist zwar kühl und geräumig und auch
575 4134 3223 4315 die dürftige Einrichtung würde mich nicht stören. Aber - es liegt
3465 36 3593 113 on
3551 122 3600 294 8
