3759 4674
1966 319 2722 466 Gmunden, 8.8. 1931.
1927 426 2508 545 (nach Gastein)
596 511 3388 689 Liebe, Dein Brief ist gestern gekommen, ungefähr zugleich mit mir. Ich
610 679 3369 805 danke Dir wehr und finde Deine Stimmung, wenn xxxxx
603 791 3307 914 du es auch nicht geradezu aussprichst, etwas besser und fast glaube
607 955 3302 1057 ich, dass auch Dein Befinden aufwärts geht; allerdings schreibst Du
613 1067 3411 1178 mir über Deinen körperlichen Zustand allzu wenig. Dr. W. musst Du hin-
610 1190 3501 1356 nehmen wie er ist: gutmütig und guten Willens ist er gewiss- jedenfalls
607 1312 3426 1496 bitte ich Dich ihn wieder einmal von mir zu grüssen. Sonderbarerweise
611 1443 3402 1589 hab ich die Zimmer bei ihm (ich habe in Gastein niemals wo anders ge-
609 1541 2235 1709 wohnt) als sehr behaglich im Gedächtnis.
606 1701 3468 1855 Was mich anbelangt, so glaub ichs in Gmunden in jedem Sinn gut getrof-
608 1838 3337 1996 fen zu haben. Die Landschaft noch schöner als ich sie im Gedächtnis
607 1943 3420 2091 gehabt hab (es geht mir jetzt immer so). Der Ort so rührend österrei-
609 2088 3243 2264 chisch; ziemlich leer. Es riecht so nach fin de saison. Das Hotel
645 2242 3279 2354 Austria eines der ersten, das ich überhaupt bewohnt hatte. (Es ist
610 2345 3264 2492 über 60 Jahre alt). Gewinn Platz für 200 Leute, jetzt auf der Höhe
615 2501 3409 2623 der Reise-und Kurzeit - keine 40 Gäste. In dem schönen Restaurations-
609 2615 3404 2776 garten ein halbes Dutzend Tische besetzt, mein Zimmer mit kleinem Bal-
612 2759 3256 2884 kon, Blick auf den See, geräumig, altmodisch, mit einem Divan, auf dem
634 2881 3403 3014 man nicht liegen kann, eine Kommode, an der die Schlösser nicht prak-
593 3036 3284 3115 tikabel sind; fliessender Wasser - das kalte wird erst nach einer
606 3159 3408 3288 Viertel stunde kalt, das warme erst nach einer Viertelstunde warm, aber
612 3278 3335 3439 nur nach 7 Uhr Abend und Früh von 8-9. Einen ordentlichen Tisch, auf
600 3419 3319 3573 dem man schreiben kann, habe ich mir auch erst allmählich beschafft.
604 3541 3323 3691 Die Bedienung sehr beflissen und gut. Das Zimmer (zweibettig als ein-
616 3673 3270 3794 bettig gerechnet) 10 S. Bekannte bisher nur Müller (der Klimbacher
588 3777 3368 3939 Bruder), wohnt mit Gattin in einem Zimmer um 4 S. per Tag. (4 weitere
597 3942 3456 4059 Burgkollegen, - sie spielen hier Theater, heute z.E. Olympia - und ver-
581 4060 3483 4226 di enen sich ihren Sommeraufenthalt.- Heute Vormittag war ich im Strand-
596 4192 3291 4307 bad, das vorzüglich angelegt ist - im Wasser - 20 Grad.).war ich nur
608 4309 3499 4470 10 Minuten. - O. war schon da, als ich ankam; wir begegneten uns auf den
