3755 4670
2030 296 3257 439 Florenz, Hotel Bajoni, 17.9.1925
2025 408 3094 530 (nach Wien, Pension Kremer)
612 511 3252 663 Mein Liebstes, meine briefstellerische Unbegabung
663 645 3175 773 hat sich diesmal wieder aufs unwiderleglichste erwiesen - und
677 782 3220 913 wäre ein vergeblicher Versuch mich mit diesem Brief, der wohl der
632 925 3272 1048 letzte von meiner Reise sein dürfte, rehabilitieren zu wollen.- Als
665 1044 3392 1167 in wenigen Tagen - "alles mündlich" - Deinen Brief, ich meldete es Dir
638 1205 3320 1330 schon auf einer Karte, hab ich gestern erhalten, und freue mich, dass
663 1302 3404 1438 die Wohnungssache dank Harrys Auszug doch wenigstens theilweise ge¬
671 1420 3433 1561 ordnet ist. Und mit Dir freu ich mich, nach Regina-Kramer auf die Pe¬
668 1578 2834 1698 regringasse (wenn sie auch noch nicht das ideal ist).
659 1688 3400 1832 Von den psychologischen Details dieser Reise erzähl ich Dir persön¬
637 1836 3267 1979 lich. Die anfangs harmlos-gute Stimmung ist in den letzten Tagen,
644 1982 3392 2115 hauptsächlich durch pädagogische Gespräche erheblich gestört worden.
642 2095 3431 2259 Ich habe mich hier so ziemlich auf eigene Füsse gestellt - war Vormit¬
650 2227 3287 2379 tag in den Sammlungen mit Lili oder allein (schon weil Wanderungen
635 2379 3313 2505 insbesondere Kunstwanderungen zu fünft nicht mein Geschnack sind).
644 2471 3364 2613 Nachmittag d.h. gegen Abend fuhren wir nur alle im Auto ins Freie,-
674 2634 3318 2779 Montag Viale dei Colli,- Dienstag Fiesole: - Mittwoch Certosa.- Das
806 2744 3318 2875 Wetter war köstlich; - die Landschaften berührten mich stärker
619 2892 3415 3034 als es vor 11 Jahren der Fall war, - und in den Uffizien entdeckte ich
682 3029 1772 3172 manche neue Herrlichkeit.-
631 3151 3392 3273 K.'s sind gestern abgereist; - die Sympathie zwischen mir und ihr hat
655 3281 3441 3400 sich nicht eben vergrössert; das Kind, die Freundin Lilis, ist von bes¬
650 3376 3433 3558 serer Art.-In einer Stunde Abreise nach Venedig. Sehr wahrscheinlich,
683 3540 3348 3673 dass ich Lili noch eine Weile (8-12 Tage) mit 0. in Venedig lasse;
657 3679 3408 3785 aber das wird sich erst im Laufe des morgigen Tages ergeben. Ob auch
636 3794 3447 3931 W. (bei Alma) in Venedig war aus den Briefen Almas nicht zu entnehmen.
640 3905 3323 4060 Mein Liebstes, ich füge nichts weiter hinzu, als dass ich mich - auf
620 4033 3416 4187 mein Haus, auf meine Arbeit und vor allem auf Dich mehr freue als ich
688 4173 3453 4314 sagen kann. Hoffentlich find ich in Venedig ein liebes Wort von Dir.
636 4324 1802 4500 Sei zärtlich umarmt. Dein A.
1818 4457 2017 4576 - - - -
