3771 4707
1615 320 2042 484 Tagebuch.
739 467 1204 640 Herbst 1920
748 687 3326 804 Carry bringt mir eine Einladung heute Abend zu Jakob Wassermann
744 785 3343 937 hinauf zu kommen. Ich gehe sehr ungern. Ich kannte ihn flüchtig,
757 922 3348 1065 seine Frau gar nicht. Er ist mir äusserlich und in seinen Werken
758 1062 3316 1188 unsympathisch. Cary behapptet, ich muss gehen wegen der Freund-
755 1191 3316 1368 schaft der Wassermanns mit Magdas Familie. Sehr unangenehm, denn
752 1323 2762 1487 ich weiss, Jakob W. äusserte sich bösartig über A.
739 1472 3406 1603 11.9. Heute Mittag reise ich. Mir ist physisch elend, wenn nur die
751 1594 1955 1708 Fahrt nicht zu schlecht wird.
747 1703 3277 1867 Gestern Abend zuerst mit den Kindern und Magdas Eltern auf der
731 1823 3316 2028 Se ewiese, teilweise mit Plätte, tei weise zu Fuss heim. Um 9 Uhr
759 1975 3487 2105 zu Wassermanns hinauf auf den ehemaligen Besitz Andrians. Gegensei-
756 2103 3351 2254 tige grosse Höflichkeit, aber ganz überflüssige Zusammenkunft, de-
743 2268 3332 2387 ren Zweck ich nicht verstehe. Vielleicht Neugierde die Freundin
740 2365 3318 2488 A.'s zu sehen. Frau W. etwas affektiert, gezwungen,er höchst un-
745 2512 1268 2659 sympathisch.
2696 2585 2891 2686 lass
747 2642 3445 2790 Ein Herr Aufricht war da, von dem sich nur sagen selbst, dass erganz
742 2773 3508 2908 hübsch ist. Am besten von der Gesellschaft gefällt mir Magdas Vater.
747 2900 3472 3040 Telegramm von A. Er ist Sonntag Abend oder Montag Früh in Wien. Ich
729 3029 1232 3181 freue mich.
746 3162 3328 3285 Ein lieber Brief von Harry. Er hat offenbar die Ankündigung von
728 3261 3224 3412 meiner Ernählung "Das Kind der Liebe" im Tagblatt gelesen und
731 3439 3248 3528 neckt mich wegen meiner "Berühmtheit". Na, bis dahin has noch
749 3552 2455 3689 weite Wege. Ich werde jetzt viel arbeiten.
742 3678 2817 3795 Gott gebe nach dem guten Sommer einen guten Winter.
3493 119 3635 280 Bl.
