3742 4662
2038 289 2808 472 Freiburg, 13.1.1925.
626 315 1008 473 Brief 3.
624 482 3207 693 Liebste, -um 10 wollt und sollt ich weiter - der Zug hat ein paar
593 648 3343 776 Stunden Verspätung, ich kehre ins Hotel zurück und benütze die Zeit,
594 775 3529 931 Dir wieder einmal ausführlichere Grüsse zu senden. - Von dem Badan-Badner
640 920 3332 1030 Vortrag habe ich Dir schon einen knappen Bericht geschickt; in dem
581 1048 3284 1167 entzückenden kleinen Kammerspielsaal las ich (sehr gut) Redegonda,
581 1189 3447 1309 Letzte Masken, Weihnachtseinkäufe. Im Hotel mit Dr. W. Neumann (Arzt) und
588 1308 3178 1415 Dr. Grumendorf (Oberregisseur) gespeist. Nachher in dem schönen
627 1429 3297 1568 Hotelpark plaudernd promeniert. Heller Wintertag.- Spaziergang in
603 1573 3364 1678 der Herchenbachstrasse; von dort (Frau Grete L.) Lili abgeholt.- Be-
578 1693 3407 1835 such beim Bankier Hermann, der mich beim Vortrag gesprochen. Etwas ko-
608 1822 3340 1950 mische Bürgerfamilie mit Einrichtung aus den achtziger Jahren. Die
613 1955 3345 2076 Tochter ein Missnik eben nach kaum einjähriger Ehe wieder nachhaus
606 2093 3429 2258 zurück. Genachtmahlt mit Frau Grete L. und ihrer Mutter. Gestern Früh
654 2205 3281 2361 aus Baden-Baden mit Lili fort. in Baden -Os in den Zug, mit dem O.
633 2321 3300 2504 kam. Ueber Heini, Herzensangelegenheiten und Zukunftspläne (nicht
612 2490 3449 2638 auf die Herzenssache bezüglich - aber Wien scheidet vorläufig aus. Sehr
592 2634 3327 2783 gute Aussichten bei Jesener.) Persönliches wurde nicht berührt, -nur
590 2749 3301 2866 von gezellschaftlichem Verkehr, Theaterbesuchen - dgl. gesprochen.-
967 2895 3267 3018 Zu Mittag war ich in Freiburg. Prof. Witkop an der Bahn
652 3025 3406 3152 (Professor an der hiesigen Universität), mit ihm gleich Buch-
601 3150 3304 3266 handlung Momber. Erzählt von den vorhergegangen Vorlesungen Thomas
648 3266 3253 3408 Mann -,der zwei Stunden ununterbrochen Zauberberg las - so dass
601 3429 3424 3551 die Meisten während der Vorlesung die Flucht ergriffen. Das habe dem
591 3521 3334 3646 Vorverkauf für die nächsten Abende geschadet. Werfel hatte Erfolg.-
923 3648 3387 3782 Ins Hotel zurück; sehr mässiges Mittagessen - bald holt mich
607 3798 3310 3954 Prof. W. ab; - Spaziergang durch die winterliche Stadt; Rauhreif und
617 3918 3407 4030 Nebel. Gespräch über Mann, Brandes, Wedekind, Hasenclever, Politik u. s. w.
641 4043 3550 4200 Eine Weile zuhause. Dann wurde ich von Momber im eigenen Auto abgeholt;
611 4171 3386 4324 in dem bereits Prof. W. und seine sehr hübsche halb holländische Frau
608 4345 3416 4467 sass.- In irgend ein Stift oder dergleichen -ein abscheulicher Paulus-
