3690 4703
2822 309 3194 478 27.4.27.
549 476 3260 600 Zsolnach nicht das Recht auf seine drei nächsten Stücke geben will.
555 625 3280 749 Géraldy soll ihr übrigens geschrieben haben, dass er die Ausgabe von
554 756 3385 872 "Toi et moi" nur in meiner Uebersetzung gestaltet. Ich bin neugierig,
555 887 3309 1017 was schliesslich herauskommen wird. Wahrscheinlich nichts. Sie sagte
556 998 3231 1127 mir auch, dass sie eine Karte von Dir hat und ich erzählte ihr,dass
532 1108 3197 1234 Dir Arnoldo so gut gefällt und dass Ihr verschiedene Wohnungen in
539 1238 1031 1384 Sicht habt.
1109 1388 3350 1530 Ich schliesse, mein Liebes, denn es wirddoch kein rechter
526 1523 3251 1640 Brief. Ich sehe erst jetzt wirklich schlecht aus, ein ganz schmalen,
532 1658 3229 1823 blasses Gesicht. Ich schreibe Dir morgen noch ein paar Zeilen. Wie
550 1784 3349 1897 gut wäre es, wenn Du jetzt bei der Tür herein kämst und ein bischenbei
532 1891 3391 2055 mir sitzen würdest. Ich wäre sehr froh. Aber ich will das gar nicht so
530 2047 3255 2195 sagen, sonst glaubst Du, ich missgönne Dir den Aufenthalt in Venedig,
540 2186 1810 2314 und das tue ich wirklich nicht.
1040 2284 2052 2435 Lebwohl, ich umarme Dich.
1398 2441 1865 2563 Deine C.K.
3467 97 3589 254 18
