3742 4662
2064 260 2928 418 13.1.1925 Bl.2.
633 448 3412 606 S aal. Ich las Redegonda, Letzte Masken, Grosse Szene; famos und mit
681 603 3469 734 grosser Wirkung. Es war recht gut besucht. - Im Zahringer Hof mit Mom-
683 755 3289 921 ber, Herrn und Frau Prof. W. soupiert.-Irgend ein Ullstein Inter-
725 903 2759 1013 viewer wurde (auch schon Nachmittag) abgewimmelt.-
978 1018 3323 1174 Und heut hoff ich endlich, in Basel einen Brief von Dir zu
673 1130 3386 1298 finden. Denn Karten, mein Liebes, sind sehr wohltuend, aber nicht sät-
668 1275 3429 1392 tigend.- Meiner Stimme gehts sehr gut - wir wollens nicht verschrein!
663 1391 2357 1561 Sei in aller Herzlichkeit umarmt! Dein A.
1729 1552 1905 1634 - = — —
3413 133 3548 296 109
