3771 4707
1889 315 2844 438 Luzern, 6. September1926
1891 412 3050 532 (nach Alt-Aussee,Seewirth).
714 513 3356 661 Liebste, von der Bahn auf die Post: nichts von Fischer; - hingegen
736 654 3381 765 von dem Dramaturgen Barnowskys Mittheilung, dass sie absolut keine
722 779 3326 932 Besetzung für die Komödie der Verführung haben, dagegen "hoffen",
717 926 3406 1062 die Schwestern mit Comtesse Mizi herausbringen zu können. So fängt
720 1043 1323 1184 die Saison an.
716 1173 3469 1285 Dann ein dreistündiger Spaziergang auf die Höhen von Luzern mit et-
712 1301 3279 1454 lichen Verirrungen unter schönem Spätsommerhimmel in gesegneter
716 1436 2769 1545 Landschaft. Hierauf "Hougenin"; als einziger Gast.-
725 1582 1772 1714 Aus Italien noch nichts.-
712 1690 3293 1849 Frau von Kl.: nach dem 10. könnte ich kommen. Ich lasse mir noch
717 1831 2702 2001 einmal Post nachschicken, die ich Freitag erhalte.
706 1971 3280 2088 Ich hoffe, Du hast die Fährlichkeiten und Beschwerlichkerten der
710 2114 3409 2242 grossen Reise gut überstanden und denkst der verflossenen dreiund-
720 2240 2681 2346 zwanzig Tage mit einem so schönen Nachgefühl wie
1332 2351 2556 2479 Dein Dich zärtlich umarmender
2461 2474 2781 2621 Arthur.
702 2638 3109 2784 Ich habe sechs Perlmutterknöpfe gekauft - und sofort wieder
702 2731 1427 2888 spurlos verloren.
1769 2878 2025 2994 - - — —
3466 91 3603 260 34
