3828 4695
654 485 3525 632 Während meiner fast zehnjährigen Ehe habe ich A. S. nur einmal flüchtig
616 625 3436 781 begegnet. Ich lebte ja in einer der Literatur völlig abgewandten At-
617 763 3352 870 mosphäre, auch hatte mein Mann eine seltsame Eifersucht auf A.S., die
645 888 3473 1020 durch nichts zu begründen war, diesich aber in gewissen, halbironischen
614 1004 3434 1156 Bemerkungen über diese verflossene Freundschaft äusserte. Ich schrieb
621 1141 3338 1264 (aber immer im Geheimen) doch ab und zu Gedichte, kleine Skizzen und
611 1259 3546 1432 einmal sogar ein grosses Stück in Versen, das ich "Sehnsucht" nannte. Nur
609 1403 3536 1572 ein paar Gedichte, deren sich ein Freund meines Mannes, Karl Fürst, annahm,
618 1548 3538 1686 erschienen unter dem Pmundonym CL. Béol in verschiedenen Tageszeitungen.
1168 1668 3411 1791 Im Jahre 1905 traf ich A.S. flüchtig auf dem Semmering.
609 1806 3337 1961 Ich war dort nach einem Aufenthalt am Lido mit meinen beiden Buben,
606 1917 3437 2101 Nurse und Kammerjungfer zu im Südbahnhotel angekommen und
607 2064 3492 2196 jener Zeit eine ganz mondäne Frau, die sich durch Flirts über den Zusam-
646 2195 3349 2340 menbruch ihrer Ehe zu trösten suchte. Ich war schrecklich versnobt,
650 2342 3496 2474 ganz auf Eleganz eingestellt und die jungen Leute, die mir den Hofmach-
612 2461 3486 2589 ten, war durchwegs Beamte des Auswärtigen Amtes oder in Bezirksnaupt-
605 2572 3059 2721 mannschaften. Baron Rudi Prandau war meine platoniche Liebe.
1155 2717 3527 2904 Als ich einmal durch den Cafézalon des Südbahnhotels ging,
603 2824 3501 3017 erhoo sich A.S. von einem Tisch, wo er mit einer Anzahl sehr prononziert
571 2953 3439 3137 jüdisch aussehenden Frauen gesessen hatte, und begrüsste mich.
587 3106 3536 3231 Wir waren Beide etwas verlegen. Ich hatte Angst mit seinen Damen bekannt
601 3238 3362 3368 gemacht zu werden, ahnte, dass sich seine Frau unter ihnen befand, und
611 3360 3486 3486 hatte es eilig fort zu kommen. A. S. sagte später einmal meiner Schwes-
583 3489 3520 3633 ter von dieser Begegnung, dass ich sehr fremd und sehr elegant gewesen
623 3626 3395 3796 sei. Er hatte mir gar nicht gefallen. Er schien mir zu dick, zu rosig
592 3756 3586 3935 und ich war damals seinem Werk zu sehr entwürückt, als dass er mir als Dich-
610 3859 1576 4017 ter etwas gesagt hätte.
1140 4007 3516 4160 Erst nach vielen Jahren - ich war längst Witwe - segegnete
582 4148 3506 4320 ich ihm einmal mit seiner Gattin in der Stadt u.zw. vor dem Spielwaren -
589 4258 3505 4465 geschäft Kober am Graben. A. machte mich mit seiner Frau bekannt und ich
