3787 4803
609 185 1293 369 T gb. 31.5.1929.
677 377 3505 559 Auch ein Ausspringen, wenn ich es zusammen brächte, würde er jetzt nicht
642 537 1022 679 ertragen.
624 676 3380 807 Heute Abend wieder Kino dann "Linde" genachtmahlt. Wetter trüb,reg-
644 807 3475 925 nerisch, kühl. Stimmung mittelmässig. Dr. D. sagt mir telefonisch, dass er
675 939 2852 1114 jetzt sicher ist, dass A.'s Erkrankung rein nervös war.
629 1127 3467 1267 1.6.X. war Vor- und Nachmittag ein Stündchen bei mir. Nachmitag beson-
643 1262 3346 1378 ders zärtlich. Ich verhätschle ihn wie ein kleines Kind. Eine Weile
640 1364 3278 1567 sassen wir ganz still, seinen Kopf an meine Brust geschmlegt. Ich
634 1531 3387 1657 dachte, was für ein armes, altes, trauriges Männchen und ich hatte ihn
645 1660 3544 1812 unendlich lieb. Ich habe jetzt oft Empfindungen einer Tochter und Mutter
649 1769 1465 1940 gleichzeitg für ihn.
629 1979 3514 2108 2.6.Sonntag. Vormittag grosser Autoausflug. Breitenfurt,HochrotherdKal-
621 2125 3516 2233 tenleutgeben. Herrliche Landschaft, saftgrüne Wiesen, blauer Himmel. Ueber
632 2253 3320 2381 der Sonne ein leichter Schleier wie über unserer Stimmung. A. nach
648 2345 3422 2503 dem Mittagessen (Weide in St. Veit) leichtes Unbehagen. 4 Uhr zuhause.
625 2482 2400 2689 Gefaulenzt. Abend bei ihm. Ruhig, gemütlich.
643 2670 3302 2854 3.6. Vorm. Stadt, Mittag Cari, Magda, Fredi (alle sehr heiter). Nachm.
624 2835 3402 2940 Hofrätin Z. zum Thee. Anregende Konversation. Abend mit A. Kino (In-
643 2943 3528 3096 sel der Liebe). Furchtbarer Schmarrn. Dann "Linde" genachtmahlt. Lauere
639 3084 2006 3235 Stimmung. Wetter kühl, regnerisch.
627 3264 2946 3433 4.6. Fühle mich elend, müd, zerschlagen. Wetter meist kühl.
644 3508 3435 3631 6.6.Mittag Bei Wellesz Kaasgraben (schon geliebert). Sollte Abends ins
644 3619 3203 3779 Theater, musste verzichten. A. bei mir. Wir haben uns sehr lieb.
641 3829 3404 3929 7.6. 38.6 Temperatur.Husten. Cary als Arzt bei mir. A. 2Mal täglich,
642 3921 1913 4079 Sehr lieb und zärtlich mit mir.
634 4126 3343 4262 8.6. Befinden gebessert. 37.8 Tempt. Arger Husten. A.Abend bei mir.
646 4252 3509 4374 Radiokonzert und bessere Stimmung. Mittag mit Harry furchtbarer Krach.
3544 12 3649 110 des
