3783 4723
1362 147 1911 400 Tugebude
639 334 1455 479 Tgb. 22. April 1929.
626 532 3371 648 Gestern Abend zum ersten Mal einen Augenblick lang etwas wie Abnei-
656 633 3419 778 gung gegen A. gefühlt, dann gleich wieder Zärtlichkeit, Liebe, Mitleid,
654 780 3248 951 aber dieser eine Augenblick war da, ich kann ihn nicht ableugnen.
651 932 3212 1035 Heute Vormittag Stadt. Mittag Magdi, etwas langweilig, aber lieb.
650 1010 3434 1169 Kälte.-Abend Volkstheater. "Hannibal ante portas". Ganz amüsant. Dann
681 1178 3496 1296 "Linde" genachtmahlt. Ich fühle unausgesetzt, wie er darüber nachdenkt,
669 1298 3459 1436 was er mit der Frühjahrsreise und Zusammensein mit Arnoldo und O. an-
649 1438 3389 1550 fangen soll. Er sagt kein Wort und ich auch nicht. Ich bin nur sehr
643 1578 3152 1718 nervös. Wir sind ausserordentlich sanft und lieb miteinander.
666 1738 3361 1876 23.4. Temperatur immer um 4 Grad herum. Schüchterne Knospen an den
664 1883 3512 2021 Bäumen. Heinrich Königswarter und Gisela Berger zum Tee. Ganz anusamt.
670 2062 2867 2204 Abend allein zuhause. Das neue Mädchen besonders nett.
668 2207 3360 2337 24.4. Vormittag bei Ferda Bloch im Bureau. Unangenehme Unterredung
670 2350 1183 2508 wegen Harry.
668 2465 3279 2624 Abend mit A. bei dem besten Film, den ich je gesehen "Der lebende
673 2626 3474 2728 Leichnam" nach dem Stück von Tolstoi. Tief erschüttert. Bei der "Lin-
662 2709 3409 2851 de" genachtmahlt. Melancholle auf beiden Seiten. Brahm, der mit Paul
669 2877 3439 3024 J Hartmann, Paulsen und Werner Krauss an einem Tisch sitzt, kommt eine
671 3027 1244 3154 Weile zu uns.
671 3180 3483 3329 26.4. Kälte und Regen. Vormittag Stadt. Abend Burgtheater "Anna Kare-
675 3341 3395 3476 nina". Wie kann man aus diesem herrlichen Roman so ein Stück zusam-
641 3454 3474 3569 menkleistern. Hartmann als Bronski matt, Wohlgemut als Anna schön, aber
687 3584 3425 3737 antiquiert, tragisch. A. sagte übrigens zu mir: "Du siehst viel besser
677 3727 3446 3858 aus als die Wohlgemut". Ich hatte mein schwarzes Spitzenkleid an und
678 3855 3388 3980 den schwarzen Samtmütel mit Hermelin. Nachher "Linde" genachtmahlt.
657 3993 1251 4123 A. sehr lieb.
678 4190 3370 4379 27.6. Heute Mittag bei Ferda Bloch - Bauer. Die gewöhnliche Gesell-
3502 103 3652 276 231
