3771 4634
576 272 1270 431 Tgb. 29.12.1929.
566 476 1880 644 noldo, Heini- und Ruth beisammen.
585 655 3333 835 30.12. Gemütlicher Abend mit Wellecz, Frieda und Bruder bei mir. Ich
581 820 2393 972 schien lustiger als mir innerlich zumut war.
594 1019 3377 1161 31.12.Abends 10 Uhr. Der zweite einsame Sylvester meines Lebens. Von
624 1119 1466 1273 A. noch keine Zeile.
584 1253 3483 1412 Nachdem ich leider schon vorgestern geschrieben habe schickte ich heute
1350 1363 1672 1450 Wünsche
580 1405 3283 1509 nur telegraphische xxx ab. Es ist besser so. Alles kommt, wie es
582 1503 3419 1677 kommen muss. Es wäre undankbar über das verflossene Jahr zu schimpfen,
594 1670 3507 1804 es hat nichts wirklich Böses gebracht, aber zu sagen, es sei gut gewesen, -
583 1763 1645 1932 das vermag ich doch nicht.
579 1944 3434 2069 Gott erhalte alle Menschen, die ich lieb hab, gesund. Um mehr vermag ich
571 2083 2293 2231 nicht zu bitten-Schlafmittel und zu Bett.
1625 2233 1888 2414 1930.
567 2359 3368 2533 6.1. Spärliche Briefe. Belanglose kurze telefonische Gespräche mit A.
559 2507 3480 2670 Brief von Alma. Bedürfnis mich zu sehen, zu sprechen, grosse Herzlichkeit.
565 2705 3406 2872 Besuch bei Alma. Sie erzählt, A. habe sie letzthin bei Trebitsch inter-
568 2856 3365 2966 pelliert, warum sie nicht mehr mit der O. verkehrt. Die 6. kränke sich
573 2973 3443 3108 darüber, sie schreibe das in jedem Brief.Anna sagte: "Es ist doch merk-
563 3117 3414 3262 würdig, was für ein Interesse er noch immer für diese Frau hat. Ich kann
562 3218 3486 3356 ihm doch nicht sagen, sie hat sich nach dem Tod ihres Kindes so widerwär-
556 3381 3397 3520 tig benommen, dass ich sie nicht mehr sehen kann. Sie hat, als sie Lilis
547 3504 3370 3608 Leiche zum ersten Mal gegenüberstand, gesagt: "Man sollte ihr die Röcke
554 3605 3434 3791 aufheben und sie prügeln". Und auf den Ausspruch ist sie so stolz, dass
596 3732 3444 3912 sie damit reist. Jetzt spricht sie von sich selbst immer per "das
593 3871 3500 4080 Olgalein". Z.B. "Nicht so streng sein mit dem armen Olgalei“. Der 49.
554 4003 1305 4130 jährige Backfisch!
556 4130 3431 4302 Uebrigens wird mir Alma dadurch keineswegs sympathischer. Sie ist ganz
540 4243 3363 4448 sicher unfein. Warum sagt sie mir z.B., es sei nicht schön, dass A. mich
3581 92 3683 212 21
