3787 4727
546 267 1241 439 Tgb. 7. Mai 1929.
555 423 3450 560 Ich glaube, wie würden jetzt sehr glücklich sein, wenn uns die O. in Ruhe
565 577 2996 697 liesse. Immer schafft sie Verwirrung durch ihre Forderungen.
553 680 1769 846 Abend Kino mit der Moosheim.
762 845 1025 946 Mittag
562 891 3407 992 8.5. Mittagg Carl und Magda Am Abend mit Anna Einakterpremière im Aka¬
573 1003 3415 1157 demietheater: "Puppenspieler" von A., der "Faun" von Bahr", Schöne Seelen" von
603 1157 3401 1302 Salten. Welch ein Niveauunterschied zwischen dem Stück von A. und den
574 1269 3379 1404 andern. Auch das Publikum hat es gefühlt. Salten hatte einen gewissen
549 1408 3430 1545 Lacherfolg, Bahr blieb ganz wirkungslos. Das Stück nahezu schwachsinnig.
549 1555 3419 1658 Nach dem Theater noch zu A. gefahren, der mit dem Nachtmahl auf mich ge¬
560 1677 3354 1806 wartet hatte. Grosse gegenseitige Zärtlichkeit. Ich finde A. schlecht
597 1809 1917 1978 aussehend und mache mir Sorgen.
553 1966 3160 2128 10.5. Welsh ein Tag gestern und was für Tage werden noch kommen!
573 2122 3418 2287 In der Früh schon um 8 Uhr zur Verhandlung Artmann (angeblicher Eltern
536 2242 3445 2422 mönder). Zum ersten Mal im Gerichtssaal, mit äusserster Nervenanspannung
552 2405 3311 2522 bis Nachmittag 5 Uhr ausgehalten. Näheres darüber an anderer Stelle.
570 2513 3261 2662 Gegen 7 Uhr kam A. mich zu einer Spazierfahrt holen, erzählte mir, er
567 2663 3279 2778 habe in der Früh plötzlich ein Versagen der linken Seite empfunden,
554 2792 3467 2943 Frieda habe hinter seinem Rücken seinem Bruder Julius berufen, der es für
601 2922 3395 3054 eine Darmintoxikation halte; es habe sich auf Pyramidon dann gegeben,
567 3043 3429 3215 er fühle noch Schwere und Müdigkeit im linken Bein. Ich erschrak inner¬
562 3170 3324 3311 lich ohne es zu zeigen, Wir fuhren in einem Auto gegen Mödling
559 3283 3318 3411 (er wollte beim Radetzky nachtmahlen). Ich redete mich auf Wolken am
558 3411 3382 3609 Himmel aus und schlug vor lieber zurückzufahren und am Südbahnhof (Re-
566 3574 3343 3699 staumant Schneider) zu essen. Er war einverstanden. In Perchtoldsdorg
562 3697 3335 3845 gingen wir sogar um die Kirche herum, A, in mich eingehängt. Nachtmahl
558 3822 3378 3942 mit gutem Appetit und in guter Stimmung. Beim Aufstehen knickt A. nach
565 3964 3421 4059 links ein, erklärt nicht mehr gehen zu können, wankt von mir gestützt bis
560 4081 3431 4235 zu einem Auto. Bei Heinkunft forzierter Spaziergang vor seinem Haus mit
565 4203 3353 4350 schleppendem linken Fuss. Wenn ich ihühelfen, ihn stützen will, schreit
