3686 4707
1846 329 2536 493 Wien, 31. 12.1926.
497 330 1183 520 An A.S.,Berlin.
521 525 3377 651 Mein sehr Liebes, ich lasse meinen verstimmten Morgenzeilen rasch diese
535 691 3377 848 hier folgen. Ich habe um 1 Uhr Deinen gestrigen Eilbrief bekommen, Dei-
528 818 3260 935 nen Brief vom 28. habe ich nicht erhalten, der ist verloren gegangen
524 950 3340 1089 oder Du hast ihn neben den Kasten gesteckt. Die Karten von Hoch habe
510 1071 3465 1206 ich pünktlich mit einigen liebenswürdigen Zeilen erhalten und mit Gisela
528 1194 3315 1316 Berger dazu eingeladen, die sich riesig freut. So werde ich auch Syl-
543 1364 3385 1492 vester irgendwie in Deiner Gesellschaft verbringen, aber anders in Dei-
573 1444 1934 1608 ner Gesellschaft wäre mir lieber.
917 1566 3219 1732 Der Thee bei B. gestern sehr nett. Heinrich Königswarter
547 1736 3199 1856 im Sprechen besser als zum Anschaun. Ich ging früher fort als die
580 1867 3316 1980 Gisela, da mich zuhause die Korrekturbogen für die "Nani" erwarteten.
520 1985 3300 2098 die zur Hälfte morgen in der Neujahrsnummer erscheint. Ich bin heute
534 2154 3299 2250 etwas nervös. Einigen Aerger mit Geschwistern und Hery und recht al-
518 2236 3268 2364 lein. Ich erzähle Dir das alles auch erst mündlich. Heinrich K. er-
523 2399 3379 2520 zählte gestern, dass Herterichs Tage gezählt sind, das wird wohl auch so
530 2514 3412 2613 sein. Korfs Verhandlungen mit dem Burgtheater hätten sich auch zerschla-
535 2650 2544 2756 gen, weil man mit Herterich nicht existieren kann.
950 2753 3380 2928 Lebwohl, mein Liebes, denke heute Nacht um 12 Uhr an mich, wie
533 2899 3218 3020 ich an Dich denken werde. Ich weiss nicht, ob interurbane Gespräche
539 2999 3344 3193 nicht gerade in den Feiertagen besser funktionieren würden als an Wo-
567 3197 3128 3317 chentagen, wo das Geschäftsleben wieder erwacht. Aber tu, wie Du
529 3292 902 3428 glaubst.
965 3388 2315 3567 Ich umarme Dich innig. Deine C.K.
3394 113 3559 291 367
