<?xml version="1.0" encoding="UTF-8" standalone="yes"?>
<PcGts xmlns="http://schema.primaresearch.org/PAGE/gts/pagecontent/2013-07-15" xmlns:xsi="http://www.w3.org/2001/XMLSchema-instance" xsi:schemaLocation="http://schema.primaresearch.org/PAGE/gts/pagecontent/2013-07-15 http://schema.primaresearch.org/PAGE/gts/pagecontent/2013-07-15/pagecontent.xsd">
    <Metadata>
        <Creator>prov=READ-COOP:name=TrHtr:version=0.0.6:model_id=44522:date=25_11_2022_11:51</Creator>
        <Created>2022-11-17T16:35:16.077+01:00</Created>
        <LastChange>2022-11-25T11:51:48.285Z</LastChange>
        <TranskribusMetadata docId="1233893" pageId="50263158" pageNr="417" tsid="105032324" status="IN_PROGRESS" userId="40391" imgUrl="https://files.transkribus.eu/Get?id=LRBIGKUUQMZLNMYXYSASZDBM&amp;fileType=view" xmlUrl="https://files.transkribus.eu/Get?id=CYPZHGBDCMHDCSQFDRCPZCKM" imageId="41050262"/>
    </Metadata>
    <Page imageFilename="HIN-155550_0417.tif" imageWidth="3686" imageHeight="4667">
        <ReadingOrder>
            <OrderedGroup id="ro_1669820951523" caption="Regions reading order">
                <RegionRefIndexed index="0" regionRef="r1"/>
            </OrderedGroup>
        </ReadingOrder>
        <TextRegion id="r1" custom="readingOrder {index:0;}">
            <Coords points="569,86 569,4247 3563,4247 3563,86"/>
            <TextLine id="r1l1" custom="readingOrder {index:0;}">
                <Coords points="866,640 3276,684 3331,465 3071,587 867,523"/>
                <Baseline points="885,624 1006,626 1127,627 1249,629 1370,630 1491,632 1613,633 1734,635 1855,636 1977,637 2098,638 2219,639 2341,641 2462,641 2583,642 2705,644 2826,645 2947,645 3069,647 3190,647 3312,648"/>
                <TextEquiv>
                    <Unicode>Während A. und ich in Zermatt und Interlaken waren, hatte Lili</Unicode>
                </TextEquiv>
            </TextLine>
            <TextLine id="r1l2" custom="readingOrder {index:1;}">
                <Coords points="615,790 3129,828 3208,694 616,698"/>
                <Baseline points="633,749 760,752 888,753 1016,755 1144,758 1272,759 1400,761 1528,762 1656,764 1784,765 1912,767 2039,768 2167,770 2295,771 2423,771 2551,773 2679,774 2807,774 2935,776 3063,776 3191,777"/>
                <TextEquiv>
                    <Unicode>sich in einen italienischen Offizier in Venedig verliebt, den sie</Unicode>
                </TextEquiv>
            </TextLine>
            <TextLine id="r1l3" custom="readingOrder {index:2;}">
                <Coords points="604,932 2883,966 3309,931 3338,804 605,825"/>
                <Baseline points="621,881 756,884 891,886 1026,888 1161,891 1296,893 1431,894 1566,896 1701,897 1836,897 1971,899 2106,900 2241,900 2376,902 2511,903 2646,905 2781,905 2916,908 3051,909 3186,911 3321,914"/>
                <TextEquiv>
                    <Unicode>schon im Vorjahr dort gesehen und nun nicht ohne ihr Dazutun kennen</Unicode>
                </TextEquiv>
            </TextLine>
            <TextLine id="r1l4" custom="readingOrder {index:3;}">
                <Coords points="591,1049 2458,1106 3359,1070 3360,989 592,939"/>
                <Baseline points="609,1017 745,1017 882,1019 1018,1019 1155,1020 1292,1020 1428,1022 1565,1023 1702,1025 1838,1026 1975,1028 2112,1031 2248,1032 2385,1034 2522,1035 2658,1038 2795,1040 2932,1041 3068,1043 3205,1044 3342,1046"/>
                <TextEquiv>
                    <Unicode>gelernt hatte. Anstatt nach Wien zurückzukehren kamen von U. und</Unicode>
                </TextEquiv>
            </TextLine>
            <TextLine id="r1l5" custom="readingOrder {index:4;}">
                <Coords points="1174,1092 1252,1071 1308,1111 1361,1108 1383,1125 1450,1080 1521,1084 1542,1070 1567,1088 1670,1092 1670,1032 1174,1021"/>
                <Baseline points="1191,1070 1216,1072 1242,1073 1267,1074 1293,1074 1319,1074 1344,1074 1370,1074 1395,1074 1421,1073 1447,1073 1472,1073 1498,1073 1523,1073 1549,1073 1575,1073 1600,1074 1626,1078 1652,1080"/>
                <TextEquiv>
                    <Unicode>registerte Bir</Unicode>
                </TextEquiv>
            </TextLine>
            <TextLine id="r1l6" custom="readingOrder {index:5;}">
                <Coords points="631,1157 2739,1237 3250,1200 3311,1109 632,1072"/>
                <Baseline points="648,1143 780,1146 912,1148 1044,1149 1177,1151 1309,1154 1441,1155 1573,1157 1706,1158 1838,1160 1970,1161 2102,1163 2235,1166 2367,1167 2499,1169 2631,1170 2764,1172 2896,1173 3028,1175 3160,1175 3293,1176"/>
                <TextEquiv>
                    <Unicode>ihrer Tochter über den Capitano C. (die Mutter protegierte schein-</Unicode>
                </TextEquiv>
            </TextLine>
            <TextLine id="r1l7" custom="readingOrder {index:6;}">
                <Coords points="603,1299 3357,1357 3358,1240 2894,1199 604,1207"/>
                <Baseline points="620,1274 756,1275 892,1277 1028,1278 1164,1281 1300,1283 1436,1284 1572,1286 1708,1289 1844,1290 1980,1292 2116,1293 2252,1296 2388,1298 2524,1299 2660,1301 2796,1302 2932,1305 3068,1307 3204,1308 3341,1310"/>
                <TextEquiv>
                    <Unicode>par die Neigung ihrer Tochter), schrieb, das Kind sei so glücklich wie</Unicode>
                </TextEquiv>
            </TextLine>
            <TextLine id="r1l8" custom="readingOrder {index:7;}">
                <Coords points="590,1483 3345,1477 3346,1385 3073,1357 592,1341"/>
                <Baseline points="609,1403 744,1406 880,1407 1016,1410 1152,1412 1288,1413 1424,1416 1559,1418 1695,1419 1831,1421 1967,1424 2103,1425 2239,1427 2375,1428 2510,1430 2646,1431 2782,1433 2918,1436 3054,1437 3190,1439 3326,1440"/>
                <TextEquiv>
                    <Unicode>noch nie und trotz A.'s heftigen Einspruch wurde die Heimreise immer</Unicode>
                </TextEquiv>
            </TextLine>
            <TextLine id="r1l9" custom="readingOrder {index:8;}">
                <Coords points="589,1585 3312,1592 3313,1479 591,1483"/>
                <Baseline points="606,1533 740,1536 874,1539 1009,1541 1143,1543 1277,1545 1412,1547 1546,1548 1680,1550 1815,1551 1949,1554 2083,1555 2218,1557 2352,1559 2486,1560 2621,1562 2755,1563 2889,1565 3024,1566 3158,1568 3293,1571"/>
                <TextEquiv>
                    <Unicode>wieder hinausgeschoben. A. war furchtbar erbittert, schloss sich mir</Unicode>
                </TextEquiv>
            </TextLine>
            <TextLine id="r1l10" custom="readingOrder {index:9;}">
                <Coords points="595,1688 3189,1747 3190,1645 2992,1621 596,1603"/>
                <Baseline points="611,1665 739,1667 867,1668 995,1670 1123,1671 1251,1673 1379,1676 1507,1677 1635,1679 1763,1680 1892,1682 2020,1683 2148,1685 2276,1688 2404,1689 2532,1691 2660,1692 2788,1694 2916,1695 3044,1697 3173,1698"/>
                <TextEquiv>
                    <Unicode>in diesen Wochen in einer besonderen Herzenszärtlichkeit an, nahm</Unicode>
                </TextEquiv>
            </TextLine>
            <TextLine id="r1l11" custom="readingOrder {index:10;}">
                <Coords points="589,1819 3351,1845 3274,1734 590,1745"/>
                <Baseline points="608,1796 744,1797 880,1799 1016,1800 1152,1802 1289,1805 1425,1806 1561,1808 1697,1810 1833,1812 1970,1814 2106,1815 2242,1817 2378,1820 2514,1821 2650,1823 2787,1824 2923,1826 3059,1827 3195,1829 3332,1830"/>
                <TextEquiv>
                    <Unicode>einige der Bilder u.'s von den Wänden, berief mich, um mit mir die An-</Unicode>
                </TextEquiv>
            </TextLine>
            <TextLine id="r1l12" custom="readingOrder {index:11;}">
                <Coords points="590,1965 2175,1945 2865,2039 3301,1989 3303,1900 591,1869"/>
                <Baseline points="608,1923 741,1926 875,1928 1009,1931 1143,1932 1277,1934 1410,1937 1544,1938 1678,1940 1812,1941 1946,1943 2079,1944 2213,1947 2347,1949 2481,1950 2615,1952 2748,1953 2882,1956 3016,1958 3150,1961 3284,1962"/>
                <TextEquiv>
                    <Unicode>ordnung seiner Möbel in dem während des Sommers umgebauten Arbeits-</Unicode>
                </TextEquiv>
            </TextLine>
            <TextLine id="r1l13" custom="readingOrder {index:12;}">
                <Coords points="598,2079 2987,2131 3235,2124 3297,2029 599,1966"/>
                <Baseline points="615,2054 748,2058 881,2060 1014,2063 1147,2064 1280,2067 1413,2069 1547,2070 1680,2073 1813,2075 1946,2076 2079,2078 2212,2079 2345,2081 2479,2082 2612,2085 2745,2087 2878,2088 3011,2091 3144,2093 3278,2096"/>
                <TextEquiv>
                    <Unicode>zimmer zu besprechen, hatte fortwährend den Wunsch mit mir beisammen</Unicode>
                </TextEquiv>
            </TextLine>
            <TextLine id="r1l14" custom="readingOrder {index:13;}">
                <Coords points="562,2203 3305,2277 3306,2182 2956,2112 563,2136"/>
                <Baseline points="581,2184 716,2187 851,2190 986,2193 1122,2196 1257,2198 1392,2201 1528,2203 1663,2205 1798,2207 1934,2210 2069,2211 2204,2213 2339,2214 2475,2217 2610,2219 2745,2220 2881,2222 3016,2223 3151,2225 3287,2228"/>
                <TextEquiv>
                    <Unicode>zu sein und ich xxx fühlte mich ihm so nah und so verbunden wie kaum</Unicode>
                </TextEquiv>
            </TextLine>
            <TextLine id="r1l15" custom="readingOrder {index:14;}">
                <Coords points="584,2333 670,2328 729,2373 750,2363 792,2396 859,2401 863,2270 827,2276 810,2258 757,2249 678,2275 633,2253 587,2255"/>
                <Baseline points="603,2315 629,2316 656,2317 682,2318 709,2318 735,2319 762,2321 788,2321 815,2321 842,2322"/>
                <TextEquiv>
                    <Unicode>zuvor.</Unicode>
                </TextEquiv>
            </TextLine>
            <TextLine id="r1l16" custom="readingOrder {index:15;}">
                <Coords points="1006,2477 3328,2542 3330,2375 3217,2363 2844,2439 1160,2415 1008,2345"/>
                <Baseline points="1026,2454 1140,2456 1254,2457 1368,2459 1483,2462 1597,2463 1711,2465 1825,2466 1940,2468 2054,2469 2168,2471 2282,2474 2397,2475 2511,2477 2625,2478 2739,2481 2854,2483 2968,2484 3082,2487 3196,2489 3311,2492"/>
                <TextEquiv>
                    <Unicode>Als O. und Lili zurückkamen, gab es aufregende Szenen,Lili</Unicode>
                </TextEquiv>
            </TextLine>
            <TextLine id="r1l17" custom="readingOrder {index:16;}">
                <Coords points="556,2590 3289,2668 3291,2543 558,2505"/>
                <Baseline points="573,2576 715,2579 857,2582 999,2583 1141,2586 1283,2589 1425,2591 1567,2594 1709,2595 1851,2598 1993,2600 2135,2603 2277,2604 2419,2607 2561,2610 2703,2612 2845,2615 2987,2616 3129,2619 3272,2622"/>
                <TextEquiv>
                    <Unicode>erklärte, zu Weihnachten wieder nach Venedig fahren zu wollen, um, den</Unicode>
                </TextEquiv>
            </TextLine>
            <TextLine id="r1l18" custom="readingOrder {index:17;}">
                <Coords points="581,2754 3133,2808 3296,2782 3298,2676 583,2637"/>
                <Baseline points="599,2706 740,2709 881,2712 1022,2715 1163,2718 1304,2721 1445,2723 1586,2726 1727,2727 1868,2730 2009,2732 2150,2733 2291,2736 2432,2738 2573,2741 2714,2742 2855,2745 2996,2748 3137,2751 3278,2756"/>
                <TextEquiv>
                    <Unicode>Mann, den sie liebte, näher kennen zu lernen. Die O. unterstützte den</Unicode>
                </TextEquiv>
            </TextLine>
            <TextLine id="r1l19" custom="readingOrder {index:18;}">
                <Coords points="606,2855 3244,2897 2972,2796 608,2766"/>
                <Baseline points="626,2832 756,2835 886,2839 1016,2842 1146,2846 1276,2849 1406,2850 1536,2853 1666,2856 1796,2858 1926,2861 2056,2862 2186,2865 2316,2867 2446,2868 2576,2871 2706,2873 2836,2876 2966,2878 3096,2880 3227,2883"/>
                <TextEquiv>
                    <Unicode>Wunsch ihrer Tochter, obwohl es damals noch gar nicht klar war, was</Unicode>
                </TextEquiv>
            </TextLine>
            <TextLine id="r1l20" custom="readingOrder {index:19;}">
                <Coords points="614,3017 3255,3032 3256,2950 2785,2907 616,2897"/>
                <Baseline points="633,2964 763,2968 893,2970 1023,2973 1153,2976 1283,2978 1413,2981 1544,2983 1674,2985 1804,2987 1934,2990 2064,2991 2194,2994 2324,2996 2455,2997 2585,3000 2715,3002 2845,3005 2975,3008 3105,3009 3236,3012"/>
                <TextEquiv>
                    <Unicode>eigentlich darauswerden sollte, Lili kaum an anderes dachte, als xxx</Unicode>
                </TextEquiv>
            </TextLine>
            <TextLine id="r1l21" custom="readingOrder {index:20;}">
                <Coords points="553,3134 2783,3139 2917,3212 3245,3101 555,3017"/>
                <Baseline points="572,3093 704,3096 837,3099 970,3102 1103,3105 1235,3108 1368,3110 1501,3113 1634,3115 1766,3117 1899,3119 2032,3122 2165,3123 2297,3126 2430,3128 2563,3131 2696,3132 2828,3135 2961,3138 3094,3141 3227,3144"/>
                <TextEquiv>
                    <Unicode>eine Liebesbeziehung, die sie angeknüpft hatte, fortzusetzen, und der</Unicode>
                </TextEquiv>
            </TextLine>
            <TextLine id="r1l22" custom="readingOrder {index:21;}">
                <Coords points="573,3233 3390,3330 3286,3200 575,3159"/>
                <Baseline points="590,3224 729,3227 868,3230 1007,3234 1146,3236 1286,3239 1425,3242 1564,3245 1703,3246 1842,3249 1982,3252 2121,3254 2260,3257 2399,3258 2538,3261 2678,3263 2817,3266 2956,3267 3095,3270 3234,3273 3374,3276"/>
                <TextEquiv>
                    <Unicode>Gedanke an eine Heirat meiner tiefsten Ueberzeugung nach früher in dem</Unicode>
                </TextEquiv>
            </TextLine>
            <TextLine id="r1l23" custom="readingOrder {index:22;}">
                <Coords points="564,3382 3336,3417 3160,3325 566,3279"/>
                <Baseline points="582,3353 718,3357 855,3360 992,3363 1129,3366 1265,3368 1402,3371 1539,3374 1676,3376 1812,3378 1949,3381 2086,3383 2223,3385 2359,3387 2496,3390 2633,3392 2770,3395 2906,3396 3043,3399 3180,3402 3317,3404"/>
                <TextEquiv>
                    <Unicode>Kopf ihres Vaters, als in ihrem Herzen entstanden sein dürfte. Es kam</Unicode>
                </TextEquiv>
            </TextLine>
            <TextLine id="r1l24" custom="readingOrder {index:23;}">
                <Coords points="559,3502 3404,3574 3431,3461 560,3424"/>
                <Baseline points="576,3485 717,3488 859,3491 1001,3494 1143,3497 1284,3500 1426,3501 1568,3504 1710,3507 1851,3509 1993,3512 2135,3514 2277,3516 2418,3519 2560,3521 2702,3524 2844,3527 2985,3528 3127,3531 3269,3534 3411,3537"/>
                <TextEquiv>
                    <Unicode>hier wohl die tiefe Bürgerlichkeit der Einstellung bei A. zum Ausdruck,</Unicode>
                </TextEquiv>
            </TextLine>
            <TextLine id="r1l25" custom="readingOrder {index:24;}">
                <Coords points="562,3679 3395,3695 3188,3570 565,3527"/>
                <Baseline points="581,3615 720,3620 860,3623 1000,3626 1140,3629 1280,3630 1419,3633 1559,3636 1699,3638 1839,3641 1979,3642 2118,3644 2258,3647 2398,3648 2538,3651 2678,3653 2817,3656 2957,3658 3097,3660 3237,3663 3377,3666"/>
                <TextEquiv>
                    <Unicode>der an seiner Tochter nicht erleben wollte, was er so viele seiner Hel-</Unicode>
                </TextEquiv>
            </TextLine>
            <TextLine id="r1l26" custom="readingOrder {index:25;}">
                <Coords points="555,3772 3345,3816 3346,3731 3180,3699 557,3676"/>
                <Baseline points="572,3744 709,3749 847,3752 985,3755 1122,3758 1260,3761 1398,3764 1535,3766 1673,3768 1811,3771 1949,3773 2086,3775 2224,3777 2362,3779 2499,3782 2637,3785 2775,3786 2912,3789 3050,3792 3188,3796 3326,3800"/>
                <TextEquiv>
                    <Unicode>dinnen erleben liess. Lili fuhr mit ihrer Mutter tatsächlich zu Weih-</Unicode>
                </TextEquiv>
            </TextLine>
            <TextLine id="r1l27" custom="readingOrder {index:26;}">
                <Coords points="551,3914 3262,4003 3264,3879 3084,3844 552,3850"/>
                <Baseline points="570,3893 703,3896 837,3899 971,3902 1105,3904 1238,3906 1372,3909 1506,3911 1640,3914 1773,3917 1907,3918 2041,3921 2175,3923 2308,3926 2442,3927 2576,3930 2710,3933 2843,3936 2977,3939 3111,3942 3245,3945"/>
                <TextEquiv>
                    <Unicode>nachten nach Venedig, während A. nach Berlin reiste. Vorher hatte er</Unicode>
                </TextEquiv>
            </TextLine>
            <TextLine id="r1l28" custom="readingOrder {index:27;}">
                <Coords points="564,4040 2228,4128 3343,4042 565,3976"/>
                <Baseline points="581,4023 718,4026 855,4029 992,4032 1130,4035 1267,4038 1404,4041 1541,4044 1679,4047 1816,4050 1953,4053 2090,4056 2228,4059 2365,4062 2502,4065 2639,4067 2777,4070 2914,4073 3051,4076 3188,4077 3326,4080"/>
                <TextEquiv>
                    <Unicode>seiner Tochter erklärt, dass sie sich entscheiden müsse, ob sie C. hei-</Unicode>
                </TextEquiv>
            </TextLine>
            <TextLine id="r1l29" custom="readingOrder {index:28;}">
                <Coords points="551,4182 2595,4268 3177,4263 3268,4162 553,4087"/>
                <Baseline points="569,4158 703,4161 837,4164 971,4166 1105,4170 1239,4173 1373,4176 1507,4179 1641,4182 1775,4185 1909,4188 2043,4192 2177,4195 2311,4198 2445,4201 2579,4204 2713,4206 2847,4209 2981,4212 3115,4215 3249,4217"/>
                <TextEquiv>
                    <Unicode>raten würde, da er es in keinem Falle zugeben wurde, dass sie dauernd</Unicode>
                </TextEquiv>
            </TextLine>
            <TextLine id="r1l30" custom="readingOrder {index:29;}">
                <Coords points="3436,199 3457,203 3483,238 3505,235 3522,242 3546,229 3574,234 3599,109 3579,105 3551,114 3533,99 3509,109 3458,95"/>
                <Baseline points="3458,186 3484,192 3510,198 3536,203 3563,207"/>
                <TextEquiv>
                    <Unicode>876</Unicode>
                </TextEquiv>
            </TextLine>
            <TextEquiv>
                <Unicode>




























</Unicode>
            </TextEquiv>
        </TextRegion>
    </Page>
</PcGts>
