3787 4694
594 304 1241 467 Tgb. 16.5.1929.
581 394 3530 594 Heute Vormittag rief mich die Frieda an und sagte mir, A. habe jetzt eine
604 544 3490 698 neue fixe Idee: Ich müsse fort, während die O. da ist, nach Karlsbad oder
597 687 3564 822 in irgend einen Kurort. Sie hat ihm angeblich geantwortet, es sei unmöglich
594 836 3565 989 z mich zu verbannen, weil die O. kommt. Er erkläre aber, seine Nerven seien
592 983 3423 1091 der Situation nicht gewachsen. Ich antwortete, dass ich mich wohl nicht
597 1084 3542 1218 fortschicken lasse, aber Dr. D. ohnedies gesagt habe, ich würde für ein paar
600 1231 3512 1341 Tage während des Aufenthaltes der O. fortgehen und dass ich das auch ge-
688 1370 3444 1474 sprächsweise zu A. erwähnen will. Ich weiss, nicht, ob die gute Frieda
595 1481 3451 1637 nicht doch ein wenig falsch zu mir ist. Immer will sie die Gefühle des
600 1592 2954 1755 A. zu mir herabmindern und ich hab ihr doch nie was getan.
583 1738 3524 1864 A. sagte sich spontan bei mir zu Tisch an. Während des Essens meinte ich
598 1873 3340 1980 sehr beiläufig, dass ich vielleicht während seine Familie da ist auf
604 2004 3472 2148 6-7 Tage auf den Semmering gehen würde, um die Situation zu erleichtern.
594 2132 3273 2297 Er antwortete, das wäre vielleicht ganz gut für alle Nerven, aber du
586 2254 3517 2383 brauchst doch nicht so weit fortzugehen, irgendwo in die Nähe, wo ich dich
606 2379 3533 2537 immer besuchen kann. Und dann sprach er gleich von einer grösseren Reise,
584 2544 3577 2655 die er im August mit mir machen will, vielleicht eine Seereise.
582 2648 3487 2792 Am Abend mit ihm im äino, harmloser Film mit Liedtke "Robert und Bertram"
582 2781 2951 2912 Dann bei ihm Worterraten gespielt. Trotzdem sehr zärtlich.
591 2974 3466 3095 18.5. Heute Vormittag meine 1000 S. in der Presse behoben. Das tut wohl
600 3107 3434 3232 selbstverdientes Geld. Dann wegen eines Reisemantels Umschau gehalten.
585 3223 3316 3354 Schade, dass seit dem 15.50 eisiges und regnerisches Wetter ist. Wie
591 3373 3392 3509 wenig hat man von dem Frühling - er ist fort ehe er da war. Nur meine
587 3484 3462 3632 Wohnung ist einFliedermeer, drei riesige Vasen voll Flieder von A. Einen
599 3629 3563 3775 Strauss brachte mir Magdi heute Früh und dann noch der Flieder aus meinem
594 3730 1703 3912 Garten. Das ist sehr schön.
593 3864 3443 4057 Zu Tisch Harry, sehr vergnügt und entschlossen sich am 1. Juni zu verlo-
591 4012 2638 4153 ben. Grosses Vertrauen hab ich zu der Sache nicht.
585 4131 1451 4281 Abend Kino und bei A.
3527 95 3689 283 240
