3787 4667
2181 299 3511 454 Grand Hotel,Nürnberg,12.9.1929.
551 326 1090 514 C.P. an A.S.
2203 431 3292 566 (In Arthurs Zimmer gelegt).
581 588 1268 787 Mein liebes Kind.
1231 721 3446 917 Nur um das was sich hier zwischen uns abspielt festzu¬
652 855 1954 1046 legen, schreibe ich diese Zeilen.
1222 987 3374 1120 Meine Verstimmung, unterstützt durch eine wahnsinnige
602 1114 2836 1288 Migräne am vorgestrigen Abend, war durchaus begreiflich.
1220 1276 3310 1418 Dein Besuch bei der O. in diesem Augenblick ist be¬
593 1403 3318 1526 stimmt zu verstehen, ja geradezu eine Pflicht. Aber ebenso dass mich
610 1525 3279 1675 dieser Ausklang einer gemeinsamen Reise irritieren musste und aus
601 1648 3478 1780 mehr als einem Grund. Meine Stimmung wäre mit ein paar freundlichen und
598 1781 3457 1945 herzlichen Worten, deren Du ja in den letzten Wochen so viele, fast über¬
610 1900 3300 2039 triebene gefunden hast, zu verscheuchen gewesen.- Du hast sie nicht
609 2060 3405 2171 gefunden, obwohl ich diese ganze lange gestrige Reise darauf gewartet habe. Und
623 2162 3413 2323 jetzt begründest Du Dein Verhalten mit der "jahrelangen Qual", die Du
616 2286 3453 2470 ertragen hast. Vor kurzem erst erklärtest Du mir, dass Du mich jetzt so
612 2446 3503 2557 liebst, weil Du immer mehr auf meine inneren und äusseren Vorzüge kommst
618 2567 3311 2697 jetzt weiss ich was ich von solchen Worten und von dieser Liebe zu
614 2710 1132 2846 halten habe.
1207 2799 3540 2955 In meiner gestrigen Verstimmung liegt oder lag noch immer
602 2959 3414 3078 mehr Liebe als in all Deinem Ueberschwang.- Ich hätte eben nach diesen
614 3052 3501 3210 nahezu 7 Jahren einer Gemeinsamkeit, die von mir viel Nachsicht und Ein-
614 3204 3522 3330 sicht in mehr als einer Richtung gefordert hat, das Recht, mich als Deine
613 3332 3377 3470 illegime Frau und Gefährtinbetrachten zu dürfen und verdiente auch
617 3471 2333 3606 ein wenig als solche betrachtet zu werden.
1150 3593 3339 3746 Wie viele Launen erträgt man von Frauen. Mir aber wird
623 3739 3448 3892 eine für alle Menschen ausser Dir begreifliche Verstimmung als Verbre¬
624 3855 3440 4011 chen angerechnet. Ich habe nichts mehr hinzuzufügen. - Glückliche Reise
624 4019 1263 4142 und alles Gute!
1291 4047 2214 4229 Deine Clara Katharina.
