3746 4703
2076 233 2940 385 Bader-Baden,17.6.1925
2004 349 2740 510 Vormittag 10 Uhr,
1937 452 3191 644 (nach Salzburg,Hotel Bristol).
558 623 3407 789 Liebste, die Reise war ganz angenehm, - um 8 Uhr Abend ohne Komfant Kopf-
575 801 3332 949 weh (die sich erst nachträglich heute Früh, nach einem Schlaf von acht
527 929 3307 1046 Stunden einstellten angelangt; auf der Fahrt die ganze Traumnovel le
536 1057 3337 1190 durchgegehen (noch etliche nichtunwesentliche Aenderungen notwendig).
533 1210 3382 1338 Heute beim Frührtück ein durchaus ruhiges (auch von der anderen Seite)
510 1314 3459 1465 vernünftiges Gespräch über Lili; - jetzt mach ich Ordnung (der Koffer kan
574 1444 2442 1578 heut Früh ins Haus) und spaziere in die Stadt.
533 1580 3338 1716 Ich hoffe mein Liebes, Du bist in Salzburg in bester Stimmung angekom-
526 1717 3338 1823 men, und wirst in Innsbruck nach ein paar ruhigen Tagen in neuer Umge-
529 1834 3456 1989 bung, in noch besserer sein. Mein Programm bleibt bestehen; dass ist Mon-
532 1948 3385 2098 tag Abend im Hotel Rheinischer Hof in München abzusteigen und am Dien-
538 2112 3299 2223 stag um 9 weiterzureisen gedenke. In Innsbruck kommt mein Zug erst um
563 2249 3335 2397 13.10 mittags an; -en dürften keine direkten Coupés Salzburg Südtirol
523 2384 3497 2506 haben; somit steigst Du in Innsbruck in mein Coupé. Und wie es hoffentlich
533 2534 3353 2674 und meinen inneren Wünschen nach dabei bleibt, so wollen wirs auch bei
509 2621 2010 2763 Meran (nicht Bozen) bewenden lassen.
527 2745 3289 2903 Ich telegraphiere vielleicht noch Sonntag oder Montag nach Salzburg.
572 2876 3363 3038 Telegramm an mich bitte eventuell bis Sonntag lieber Hardenbergstras-
568 3011 3013 3145 se 26 oder Montag München Rheinischen Hof adressieren.
530 3146 3372 3306 Für heute kann ich nicht mehr sagen - als : auf ein gutes, schönes Wieder-
570 3267 2533 3407 sehen! Und eine zärtliche Umarmung von Deinem A.
1632 3429 1902 3573 - - - - —
3511 125 3636 276 165
