3786 4691
2412 244 3127 381 18.3.1929 B.12.
677 431 3348 582 Fischer zeigte sich in der Duninzache (Weg ins Freie) geneigter.-
633 581 3506 717 Heute Vormittag habe ich wieder im Bureau eine Besprechung. Dieses Hin
622 706 3332 828 und Herr, dieses Auf und Ab ("Ich schwanke noch") ist meinen Nerven
685 855 3551 970 nicht sehr zuträglich. Jede Sache erfordert die dreifache Zeit. Persön-
627 968 3058 1090 lich war und ist er wieder von grömster Liebenswürdigkeit.-
1166 1117 3406 1234 Am Amend las ich O.Heini das Spiel der Morgenlüfte vor;
2897 1201 3193 1281 erregte
648 1216 3316 1385 bemonders der erste Akt gefiel - der zweite Aktächluss xxx die
636 1311 1076 1401 erwarteten
650 1373 3494 1489 Bedenken; noch stärkere Einwendungen wurden gegen den drit-
636 1490 3361 1626 ten Akt erhoben; darunter einige sehr kluge. Die Aenderungen werden
638 1628 3395 1758 nicht allzu schwer zu machen sein; - das schwerigste ist und bleibt
623 1743 3327 1917 der Schluss des zweiten Aktes. Aber da ich nun entschlossen bin den
626 1868 3535 2022 Kaplan "unvesehrt", zwar nicht aus der Discussion, aber aus den Versuchun-
674 2026 3496 2174 gen hervorgehen zu lassen, - wird auch diese Schwierigkeit zu überwinden
625 2126 867 2266 ein.
669 2237 3401 2381 Heute kam die von Kolap nachgewandte Post an; -Wiegler hat sich also
639 2379 3390 2548 noch nicht gerührt. So werde ich mich allerspätestens Donnerstag bei
669 2522 3431 2696 ihmselbst melden. Donnerstag Morgens will ich Dich auch antelefonie-
636 2680 3354 2808 ren, da werde ich hoffentlich schon was bestimmteres vielleicht
660 2800 3511 2951 auch über meine Rückkunft sagen können. - Und nun, mein geliebtes Kind,
631 2931 3265 3098 sage ich Dir für heute Lebwohl. Zu Mittag bin ich heute bei Dora;
657 3060 3308 3232 Nachmittag will ich Correspondenz erledigen und mich Abend so früh
627 3177 3535 3335 als möglich niederlegen. Mein Befinden ist im ganzen gut, ich bin frisch; -
623 3303 2516 3463 aber dazwischen gibt es sehr tiefe Ermüdungen.
610 3445 3494 3593 Lebwohl noch einmal, freu Dich des Frühlingwetters und benütz es so gut
612 3603 3305 3714 es geht. Ich küsse Dich von ganzem Herzen und ganzer Seele. Dein A.
1745 3703 1980 3855 - - -
3514 106 3650 255 214
