3742 4666
1561 296 1680 454 -1-
544 379 965 521 Tagebuch.
552 542 3352 722 26.4.1924. So lange hat der Frühling noch nie auf sich warten lassen.
542 684 3365 822 Ostern ist vorbei, wir haben den 24. April und an den Bäumen und Sträu-
553 820 3436 977 chern zeigen sich die ersten grünen Spitzen. Ich wollte diesen Frühling
555 955 3325 1101 so recht geniessen und nun ist man um einige Wochen geprellt. Einige
552 1117 3389 1241 Wochen weniger Sonne und Wärme. Junge Menschen mögen das verschmerzen,
555 1247 3250 1364 aber ich? Wie oft werde ich mich noch dem Frühling entgegenfreuen,
539 1337 3444 1505 entgegenschehnen? Ich habe einmal meinem Sohn Karl Friedrich versprochen:
550 1495 3402 1616 Wenn meine Haare weiss werden, beginne ich meine Memoiren zu schreiben.
546 1582 3259 1762 Nun, meine Haare zeigen noch immer keine Neigung sich zu verändern
3190 1666 3464 1788 davent
539 1759 3455 1872 sind noch immer kastanienbraun mit roten Reflexen, wenn die Sonne durch-
562 1882 2735 2010 scheint, aber ich weiss um die lange Kette der Jahre.-
553 1991 3368 2138 Ich wunder mich. Ich wundere mich, dass man so lange auf dieser Erde
559 2116 3291 2277 herumwandern kann, so schrecklich viel erleben, so angefüllt sein mit
558 2255 3357 2427 Erinnerungen, mit Schmerz und Freude, mit Enttäuschung und Hoffnung, mit
551 2429 3470 2544 Verachtung und Ekel und doch so gi rig alles, was noch gut und schön ist,
546 2531 1919 2691 in sich aufzunehmen, zu geniessen.
556 2642 3374 2780 Manchesmal, wenn ich allein in meinem Zimmer sitze, fühle ich, wie meine
538 2797 3578 2948 Züge altern. Ich werfe einen Blick in den Spiegel und sehe den müden Blick
544 2912 3411 3036 meiner Augen, eine Furche zwischen den Brauen und meine Lippen, die ganz
536 3048 3279 3190 schmal und blass geworden sind. Ein Gesicht, das niemand kennt, -nur
539 3165 3444 3302 ich! Ich sage: Ich willnicht. Mein Mund wird rot, die Furche verschwin-
596 3333 3440 3456 det und meine Augen bekommen wieder Glanz. Ich lächle über mich selbst
546 3462 3394 3608 und denke; Komisches Geschöpf! Ja, ich müsste eigentlich nur die Herr-
553 3567 3398 3687 schaft über meine Züge, den Willen jung zu sein verlieren, und die Leute
2831 3670 3327 3758 noch immer
553 3688 3352 3814 würden sofort sagen: Nun ist sie doch endlich alt! Anstatt zu finden,
551 3838 2154 3968 dass ich "jung bin", ein "Naturwunder".
549 3961 3529 4087 Man darf aber nicht glauben, dass ich unausgesetzt den Willen habe jung zu
556 4084 3431 4258 scheinen, man würde mich für eitler und lächerlicher halten, als ich bin.
3500 116 3619 268 53
