<?xml version="1.0" encoding="UTF-8" standalone="yes"?>
<PcGts xmlns="http://schema.primaresearch.org/PAGE/gts/pagecontent/2013-07-15" xmlns:xsi="http://www.w3.org/2001/XMLSchema-instance" xsi:schemaLocation="http://schema.primaresearch.org/PAGE/gts/pagecontent/2013-07-15 http://schema.primaresearch.org/PAGE/gts/pagecontent/2013-07-15/pagecontent.xsd">
    <Metadata>
        <Creator>prov=READ-COOP:name=TrHtr:version=0.0.6:model_id=44522:date=18_11_2022_03:23</Creator>
        <Created>2022-11-17T16:34:05.878+01:00</Created>
        <LastChange>2022-11-18T03:23:47.186Z</LastChange>
        <TranskribusMetadata docId="1233893" pageId="50259091" pageNr="38" tsid="104225717" status="IN_PROGRESS" userId="40391" imgUrl="https://files.transkribus.eu/Get?id=KXQBHCIHJVUGXURPIOYBPCCE&amp;fileType=view" xmlUrl="https://files.transkribus.eu/Get?id=ZQYQIROWPTVPTFCUQOWAWGQO" imageId="41048824"/>
    </Metadata>
    <Page imageFilename="HIN-155550_0038.tif" imageWidth="2793" imageHeight="3358">
        <ReadingOrder>
            <OrderedGroup id="ro_1669820949244" caption="Regions reading order">
                <RegionRefIndexed index="0" regionRef="r1"/>
            </OrderedGroup>
        </ReadingOrder>
        <TextRegion id="r1" custom="readingOrder {index:0;}">
            <Coords points="288,178 288,3148 2690,3148 2690,178"/>
            <TextLine id="r1l1" custom="readingOrder {index:0;}">
                <Coords points="1768,437 1891,453 1995,437 2133,477 2260,478 2261,369 2206,380 2097,347 2045,378 1922,350 1769,354"/>
                <Baseline points="1782,429 1807,429 1833,431 1859,431 1885,431 1911,431 1937,431 1962,431 1988,431 2014,432 2040,432 2066,432 2092,432 2117,434 2143,434 2169,434 2195,435 2221,435 2247,437"/>
                <TextEquiv>
                    <Unicode>30.VII. 97.</Unicode>
                </TextEquiv>
            </TextLine>
            <TextLine id="line_1668710864314_775" custom="readingOrder {index:1;}">
                <Coords points="306,637 2277,651 2445,634 2445,536 306,548"/>
                <Baseline points="321,624 350,622 379,619 408,618 437,617 466,615 495,615 524,616 553,617 582,617 612,618 641,620 670,621 699,621 728,623 757,624 786,624 815,624 844,623 873,623 903,621 1026,623 1096,623 1166,623 1236,623 1306,623 1377,624 1447,624 1517,624 1587,624 1657,624 1728,624 1798,626 1868,626 1938,626 2008,626 2079,626 2149,626 2219,626 2289,626 2359,626 2430,624"/>
                <TextEquiv>
                    <Unicode>ge zu sagen, Dich zu fragen gehabt, was man so direkt</Unicode>
                </TextEquiv>
            </TextLine>
            <TextLine id="r1l4" custom="readingOrder {index:2;}">
                <Coords points="295,765 2494,788 2495,696 2190,675 296,675"/>
                <Baseline points="311,747 419,747 528,749 636,750 745,750 853,752 962,752 1070,753 1179,753 1287,755 1396,755 1504,755 1613,755 1721,756 1830,756 1938,756 2047,758 2155,758 2264,759 2372,759 2481,761"/>
                <TextEquiv>
                    <Unicode>nicht kann, nur verschwommen in einem grossen Gespräch</Unicode>
                </TextEquiv>
            </TextLine>
            <TextLine id="r1l5" custom="readingOrder {index:3;}">
                <Coords points="291,891 2473,913 2425,809 292,805"/>
                <Baseline points="306,878 413,879 521,879 629,881 736,882 844,882 952,884 1059,884 1167,885 1275,885 1383,887 1490,887 1598,887 1706,888 1813,888 1921,888 2029,890 2136,890 2244,890 2352,890 2460,890"/>
                <TextEquiv>
                    <Unicode>und u hast mir ja nie was zu erzählen. Unsere Freund-</Unicode>
                </TextEquiv>
            </TextLine>
            <TextLine id="r1l6" custom="readingOrder {index:4;}">
                <Coords points="290,1032 2452,1060 2421,948 291,958"/>
                <Baseline points="306,1010 412,1011 519,1013 625,1014 732,1014 839,1016 945,1017 1052,1017 1159,1019 1265,1019 1372,1019 1479,1020 1585,1020 1692,1022 1799,1022 1905,1022 2012,1022 2119,1023 2225,1023 2332,1023 2439,1025"/>
                <TextEquiv>
                    <Unicode>schaft ist eigentlich ganz komisch. Ich hab Vertrauen</Unicode>
                </TextEquiv>
            </TextLine>
            <TextLine id="r1l7" custom="readingOrder {index:5;}">
                <Coords points="292,1185 2587,1176 2587,1093 2204,1064 293,1099"/>
                <Baseline points="308,1145 421,1145 534,1146 647,1146 760,1147 873,1148 986,1148 1100,1149 1213,1149 1326,1151 1439,1151 1552,1152 1665,1152 1778,1154 1892,1154 2005,1155 2118,1155 2231,1157 2344,1157 2457,1157 2571,1158"/>
                <TextEquiv>
                    <Unicode>zu Dir, Du kein's zu mir. Ich weiss nichts von Dir, von</Unicode>
                </TextEquiv>
            </TextLine>
            <TextLine id="r1l8" custom="readingOrder {index:6;}">
                <Coords points="285,1277 2306,1323 2530,1313 2531,1224 286,1185"/>
                <Baseline points="299,1274 409,1274 520,1275 631,1276 742,1277 853,1278 964,1279 1075,1280 1186,1281 1297,1281 1408,1283 1518,1283 1629,1284 1740,1284 1851,1286 1962,1286 2073,1286 2184,1287 2295,1287 2406,1287 2517,1289"/>
                <TextEquiv>
                    <Unicode>Deinem Leben und Du weisst Alles von mir. Ich weiss xxx</Unicode>
                </TextEquiv>
            </TextLine>
            <TextLine id="r1l9" custom="readingOrder {index:7;}">
                <Coords points="274,1432 2407,1439 2407,1347 2212,1334 274,1352"/>
                <Baseline points="288,1406 393,1407 498,1409 603,1409 709,1410 814,1412 919,1412 1025,1413 1130,1413 1235,1415 1341,1415 1446,1416 1551,1416 1656,1416 1762,1418 1867,1418 1972,1418 2078,1418 2183,1418 2288,1418 2394,1418"/>
                <TextEquiv>
                    <Unicode>nicht mal ob Du jetzt jemand liebst, ob Du glücklich</Unicode>
                </TextEquiv>
            </TextLine>
            <TextLine id="r1l10" custom="readingOrder {index:8;}">
                <Coords points="288,1573 2419,1584 2451,1463 289,1487"/>
                <Baseline points="303,1536 409,1538 516,1539 622,1541 729,1541 836,1542 942,1542 1049,1544 1156,1544 1262,1544 1369,1544 1476,1544 1582,1545 1689,1545 1796,1545 1902,1545 2009,1547 2116,1547 2222,1548 2329,1550 2436,1551"/>
                <TextEquiv>
                    <Unicode>bist. Das ist doch nicht recht. Du müsstest doch auch</Unicode>
                </TextEquiv>
            </TextLine>
            <TextLine id="r1l11" custom="readingOrder {index:9;}">
                <Coords points="292,1686 2621,1683 2250,1597 292,1591"/>
                <Baseline points="305,1668 420,1669 535,1670 650,1671 765,1671 880,1673 995,1673 1110,1674 1225,1674 1340,1674 1456,1676 1571,1676 1686,1676 1801,1677 1916,1677 2031,1679 2146,1679 2261,1680 2376,1682 2491,1683 2607,1685"/>
                <TextEquiv>
                    <Unicode>ein bissel von Dir reden, nicht immer mich reden lasse n.</Unicode>
                </TextEquiv>
            </TextLine>
            <TextLine id="r1l12" custom="readingOrder {index:10;}">
                <Coords points="299,1822 2568,1832 2568,1751 2341,1723 300,1724"/>
                <Baseline points="315,1796 426,1797 538,1799 650,1800 762,1802 874,1803 986,1805 1098,1805 1210,1806 1322,1806 1434,1808 1545,1808 1657,1809 1769,1809 1881,1811 1993,1811 2105,1812 2217,1812 2329,1814 2441,1815 2553,1815"/>
                <TextEquiv>
                    <Unicode>Dann kommt mir in einem trüben Moment, wo man sich gerin</Unicode>
                </TextEquiv>
            </TextLine>
            <TextLine id="r1l13" custom="readingOrder {index:11;}">
                <Coords points="298,1939 2345,1973 2279,1872 1963,1844 1701,1911 299,1862"/>
                <Baseline points="314,1928 414,1929 515,1931 616,1932 717,1932 818,1934 919,1935 1019,1935 1120,1937 1221,1937 1322,1937 1423,1938 1524,1938 1625,1938 1725,1940 1826,1940 1927,1940 2028,1941 2129,1941 2230,1941 2331,1943"/>
                <TextEquiv>
                    <Unicode>Alles unschön zersetzt der Gedanke, dass Du in mir</Unicode>
                </TextEquiv>
            </TextLine>
            <TextLine id="r1l14" custom="readingOrder {index:12;}">
                <Coords points="296,2072 2086,2085 2163,2138 2452,2079 2332,1972 1943,2030 296,2000"/>
                <Baseline points="311,2058 417,2060 523,2060 629,2061 736,2063 842,2064 948,2064 1054,2066 1161,2066 1267,2067 1373,2067 1479,2069 1586,2069 1692,2070 1798,2070 1904,2072 2011,2072 2117,2073 2223,2073 2329,2073 2436,2075"/>
                <TextEquiv>
                    <Unicode>nur etwas Kleines, Hilfloses siebst, dem man gern ein</Unicode>
                </TextEquiv>
            </TextLine>
            <TextLine id="r1l15" custom="readingOrder {index:13;}">
                <Coords points="283,2215 1737,2210 2125,2272 2405,2211 2405,2153 2132,2117 1190,2166 284,2115"/>
                <Baseline points="297,2187 401,2189 506,2190 611,2192 715,2193 820,2193 925,2195 1029,2195 1134,2196 1239,2196 1344,2196 1448,2198 1553,2198 1658,2198 1762,2199 1867,2199 1972,2199 2076,2199 2181,2201 2286,2201 2391,2202"/>
                <TextEquiv>
                    <Unicode>bischen helfen möchte, um aus der Patsche zu kommen.</Unicode>
                </TextEquiv>
            </TextLine>
            <TextLine id="r1l16" custom="readingOrder {index:14;}">
                <Coords points="282,2351 2361,2372 2428,2274 283,2253"/>
                <Baseline points="297,2318 402,2319 508,2322 614,2322 720,2324 826,2325 932,2327 1037,2327 1143,2328 1249,2328 1355,2330 1461,2330 1567,2330 1673,2331 1778,2331 1884,2332 1990,2333 2096,2333 2202,2334 2308,2334 2414,2334"/>
                <TextEquiv>
                    <Unicode>Und das dürft mich ja nicht mal wundern, denn in die-</Unicode>
                </TextEquiv>
            </TextLine>
            <TextLine id="r1l17" custom="readingOrder {index:15;}">
                <Coords points="292,2478 2278,2513 2280,2352 1726,2428 1269,2362 293,2397"/>
                <Baseline points="308,2451 405,2451 503,2453 601,2453 699,2453 797,2454 895,2455 992,2456 1090,2457 1188,2457 1286,2459 1384,2459 1482,2460 1580,2460 1677,2462 1775,2462 1873,2463 1971,2463 2069,2463 2167,2465 2265,2465"/>
                <TextEquiv>
                    <Unicode>sen nervösen Zusammenkünften wo man ängstlich und</Unicode>
                </TextEquiv>
            </TextLine>
            <TextLine id="r1l18" custom="readingOrder {index:16;}">
                <Coords points="274,2598 2203,2591 2395,2650 2393,2531 275,2512"/>
                <Baseline points="288,2580 392,2582 497,2583 601,2585 706,2585 811,2586 915,2588 1020,2588 1125,2589 1229,2589 1334,2591 1439,2591 1543,2591 1648,2592 1753,2592 1857,2592 1962,2594 2067,2594 2171,2594 2276,2594 2381,2595"/>
                <TextEquiv>
                    <Unicode>zerstreut nur hie und da einige Sätze hinwerfen kann</Unicode>
                </TextEquiv>
            </TextLine>
            <TextLine id="r1l19" custom="readingOrder {index:17;}">
                <Coords points="290,2742 2285,2768 2397,2740 2398,2648 290,2644"/>
                <Baseline points="303,2717 412,2717 521,2718 631,2718 740,2720 850,2720 959,2720 1068,2721 1178,2721 1287,2721 1397,2723 1506,2723 1616,2723 1725,2724 1834,2724 1944,2726 2053,2726 2163,2727 2272,2729 2382,2729"/>
                <TextEquiv>
                    <Unicode>gibt man sich ja unwillkürlich ungeschickter, schwä-</Unicode>
                </TextEquiv>
            </TextLine>
            <TextLine id="r1l20" custom="readingOrder {index:18;}">
                <Coords points="287,2852 2262,2883 2363,2807 806,2811 288,2743"/>
                <Baseline points="300,2843 402,2844 504,2846 607,2847 709,2847 812,2849 914,2850 1016,2850 1119,2852 1221,2852 1324,2853 1426,2853 1528,2855 1631,2855 1733,2856 1836,2856 1938,2858 2040,2858 2143,2859 2245,2861 2348,2862"/>
                <TextEquiv>
                    <Unicode>cher als man ist. Vielleicht werden wir doch einmal</Unicode>
                </TextEquiv>
            </TextLine>
            <TextLine id="r1l21" custom="readingOrder {index:19;}">
                <Coords points="293,2989 2166,3031 2403,3020 2404,2933 293,2929"/>
                <Baseline points="306,2972 410,2973 514,2976 618,2978 722,2979 826,2981 930,2982 1034,2984 1138,2985 1242,2987 1346,2987 1450,2988 1554,2990 1658,2991 1762,2993 1866,2993 1970,2994 2074,2994 2178,2996 2282,2996 2387,2997"/>
                <TextEquiv>
                    <Unicode>so plauschen können dass ich mich geben kann wie ich</Unicode>
                </TextEquiv>
            </TextLine>
            <TextLine id="r1l22" custom="readingOrder {index:20;}">
                <Coords points="298,3161 402,3140 555,3152 645,3124 684,3145 762,3132 840,3165 842,3042 787,3064 692,3039 628,3061 568,3042 459,3049 408,3013 301,3029"/>
                <Baseline points="315,3108 340,3108 366,3108 391,3108 417,3108 442,3108 468,3108 493,3110 519,3110 544,3111 570,3111 595,3112 621,3113 646,3114 672,3114 697,3114 723,3116 748,3116 774,3115 799,3114 825,3114"/>
                <TextEquiv>
                    <Unicode>wirklich bin.</Unicode>
                </TextEquiv>
            </TextLine>
            <TextLine id="r1l23" custom="readingOrder {index:21;}">
                <Coords points="2537,318 2560,320 2618,304 2627,313 2635,304 2664,303 2686,279 2703,279 2699,129 2668,133 2653,119 2621,120 2610,132 2595,126 2581,133 2556,154 2533,154"/>
                <Baseline points="2552,284 2579,280 2607,278 2634,278 2662,279 2690,278"/>
                <TextEquiv>
                    <Unicode>4/22</Unicode>
                </TextEquiv>
            </TextLine>
            <TextEquiv>
                <Unicode>




















</Unicode>
            </TextEquiv>
        </TextRegion>
    </Page>
</PcGts>
