3787 4667
619 317 1273 447 Tgb. 19.8.1929.
652 448 3407 652 alles. Er scheint davon befriedigt, versucht liebevoll zu sein. Ich
665 607 3329 750 bleibe kühl. Glaubt er wirklich ich werde mir dieses "Verständnis"
674 723 3566 914 für seine Beziehung zur O. auf den Hut stecken und vor Freude jauchzen?
643 899 3444 1038 Wäre er nur 10 Jahre jünger und gesünder, so wüsste ich, was ich zu tun
630 966 3529 1155 habe. So aber will ich jetzt am Vorabend dieser heitern Reise zu keinem
647 1142 2403 1281 Krach kommen lassen, der einschneidend wäre.
637 1242 3507 1445 Jetzt 6 Wochen nach der Operation der O. wird alle paar Tag mit Berlin
643 1393 3577 1550 telefoniert, jeden Augenblick kommt ein Expressbrief von ihr und ich soll
638 1525 3128 1700 das belanglos finden. Vielleicht werde ich bald so weit sein.
636 1766 3576 1915 Reisetag: Heute Mittag bei A. Letztes Mal mit Schinnerer. Ich bin inner¬
650 1914 3519 2088 lich so müd, dass ich kaum sprechen kann. Nachm. bis zu meiner Abreise
661 2073 3415 2188 Carry, der mich dann noch eine Strecke im Auto an die Bahn begleitet.
656 2165 3026 2345 Carry ist eigentlich das einzige Pozitive in meinem Leben.
660 2390 3345 2550 20.8. Früh. Zwei Stunden vor München. Kalte schlaflose Nacht, Regen
655 2509 1922 2675 an den Fenstern, Stimmung flau.
666 2652 3518 2828 21.8. München. Regen. Prachtvolles Hotel (Continental). A. sehr liebe-
668 2821 3491 2966 voll, aber ich fühle mich ihn entfremdet. Am Abend "Drei Groschen Oper"
658 2969 3392 3097 mit Ruth Albu (Heinis Freundin), die die Polly spielt. Begabtes, hüb-
675 3098 3267 3220 sches Wesen. Die ganze Vorstellung teilweise besser als in Wien.
673 3262 3401 3380 Nachher Vier Jahreszeiten-Bar. Mit Ruth genachtmahlt, die recht lieb
664 3373 3508 3485 ist. Ich selbst fühle mich müde und alt. Morgen mit Flugzeug nach Lau¬
667 3468 951 3624 sanne.
678 3576 3414 3758 Ouchy, Hotel Beaurivage. Fliegen! Ein unbegreifliches Erlebnis. Kaum
669 3732 3391 3874 hatten wir uns in die Lüfte erhoben, hatte ich keine Angst mehr. Bis
676 3891 3317 4015 Zürich grosses dreimotorischen Flugzeug für 9 Personen. Ab Zürich
674 4009 3479 4153 ganz kleines Junker-Flugzeug. Fassungsraum für knapp 4 Leute. Ab Bern
673 4132 3460 4314 A. und ich ganz allein im Innern. Ein Pilot draussen. Ich bin bis zu
3532 102 3669 265 25
