3754 4703
2679 312 2924 471 Bl. 2.
2083 310 2570 468 24.4.1927
697 612 3269 732 In meinem sehr kleinen, aber abgeschlossenen Zimmer mit Bad fühl
694 706 3252 852 ich mich nun ganz behaglich - Lili wohnt mir genau gegenüber -,
688 862 2600 985 auch an die Kommodenladen hab ich mich gewöhnt.
687 1002 3428 1115 Für heut, mein Liebes will ich Dir Adieu sagen, hoffe sehr trotz des
731 1122 3371 1266 Sonntags eine Nachricht von Dir zu haben und umarme Dich sehr in-
691 1275 2742 1382 nig mit tausend guten Wünschen und Küssen. Dein A.
1749 1387 2025 1513 - - - -
3507 96 3636 279 12
