3771 4654
580 240 1195 419 Tgb. 25.5.1931.
450 377 3517 502 A. mich in der Früh angerufen, wollte wissen, was ich gewtern Abend getan. Ich
473 503 3443 674 sagte ihm schliesslich die harmlose Wahrheit. Er sagte, er bleibe Vormittag
470 627 3424 759 zuhause. Kam dann später angeblich "zufällig" vorbei und für eine Viertel-
461 761 2382 941 stunde zu mir herein. Er sah gespensterhaft aus.
451 897 3398 1043 Ich habe übrigens Dr.D. wieder angerufen, da A. morgen bei ihm ist, um sich
464 1005 3464 1199 untersuchen zu lassen. Dr. D. findet ihn auch sehr schlecht aussehend. Ich bat
468 1153 3496 1293 ihn sehr mich nach dem Zusammen sein mit A. anzurufen. Wie oft muss ich Dr. D.
429 1300 3573 1456 anrufen, ehe er sich entschliesst sich um A.'s Befinden zu kümmern. Und der Bru-
458 1411 2297 1587 der, der Arzt ist! Was für Menschen sind das!!
475 1516 3468 1684 26.5.Gestern Abend ging ich A. mit der grössten Freundlichkeit entgegen.Er
454 1670 3346 1829 äusserte sich anerkennend über das neue Krupnik-Kleid, ohne eine einzige
571 1789 3537 1937 merkung über mich selbst. Im Kino (langweiliger Film) "Gassenhauer" benannt,
500 1975 3345 2116 schlief er zumeist. Dann krochen wir zum Stadtpark. Er nimmt nicht einmal
457 2090 3566 2226 mehr meinen Arm wie früher. Ich bemerke das schon seit einiger Zeit. Ich blieb
462 2217 3482 2401 heiter und gesprächig, obwohl mir zum Weinen war. Frühling um uns, Mondschein,
455 2328 2697 2508 heitere Menschen. Es ist, als ob man unter der Erde läge.
463 2501 3366 2610 Heute Abend sollen Thunz, Claumers (er und sie) und A. zu mir kommen. Ich
458 2615 3512 2724 wollte dieses Fest läge hinter mir. Mir ist nicht festlich zunnt. A. frug mich
465 2744 3147 2885 gestern, ob Herr Clauser abgezagt hat. Er scheint damit zu rechnen.-
457 2869 3508 3015 26.5. Eben rief mich A. an, Ferry habe seinen Blutdruck recht erhöht gefunden,
468 2983 3399 3151 Digitalis und Diuretin verordnet. Warum hat Dr.D. mich vor wenigen Monaten
465 3133 3380 3264 gehöhnt, als ich zu diesen Mitteln riet? Ach, man könnte wahnsinnig werden.
467 3229 3503 3420 Frau Glauser hat um 3 Uhr telefoniert, dass ihr Mann von der Jagd noch nicht
463 3368 987 3511 zurück ist!!
2382 3433 2841 3574 gefürthtet.
464 3519 3507 3652 27.5. Der gestrige Abend im ganzen netter als ich hatte. Herr Glauser
466 3642 3443 3798 kam natürlich nicht Angeblich ein Freudefekt, den er um 6 Uhr seiner Frau
473 3782 3516 3911 telefonieren liess. Sie hatte wegen eines Gerstenkorns ein Aug verbunden und
465 3884 3434 4070 machte einen eher decontenancierten Eindruck. Die Wohlgemut-Thun war bild-
470 4031 3502 4172 schön und heiter und führte mit A. Theatergesprüche, die ihn interessierten.
457 4180 3392 4336 Thun unterhielt sich mit mir über Religion, Jenzeits, die Evangelien,
484 4298 1668 4552 dermehr zur Lektüre empfahl
3549 112 3656 268 177
