3798 4598
2107 253 2822 438 Berlin, 9.2.1926.
797 473 3428 705 Liebste, gestern erhielt ich Deinen ersten Brief (nachdem ich meinen
637 656 3413 797 Vorlesungsbericht abgesandt), heute Deinen zweiten mit Deinem Bericht
622 789 3419 935 vom Fest bei Tedy B. Wir können uns also gegenseitig zu unseren Er¬
642 932 3401 1064 folgen gratulieren und ich hoffe, dass Du Dich bei dieser Gelegenheit
639 1064 3432 1221 besser anüsiers/ hast als ich. Ich lege (Deinem lieben Wunsch gemäss)
633 1213 3399 1345 die Referate über den Abend bei. Nun vom gestrigen Tag, der mit einem
624 1338 3324 1484 halben Dutzend telefonis cher Gespräche begann. Dann bei S. Fischer
636 1481 3277 1619 (Bureau), - woselbst äusser mir, den Schwiegersonhn in spe, Dr. Maril,
618 1584 3241 1750 Eiper, (und Trebitsch), der in Deutschland umherzieht, für Shaw und
627 1715 3404 1904 eine Uebersetzungen in Vorträgen Propaganda zu machen.) Geschäftli¬
678 1851 3281 2032 ches aller Art.Hans Meid soll von der Traumnovelle sehr entzückt
623 2015 3392 2134 sein, macht eine Titelvignette, vielleicht später Iplustrationen dazu.
668 2120 3396 2257 (Du erinnerst Dich vielleicht, dass die "Dame" mir versprochen hat¬
627 2244 3337 2373 te, die Novelle von ihm illustrieren zu lassen - es stellt sich nun
637 2389 3212 2501 heraus, dass man sie ihm nicht einmal zu lesen gegeben hat! Man
677 2488 3283 2645 wünscht durchaus einen andern Titel. Frau Hedwig Fischer schlägt
651 2663 3209 2815 vor "Traumnacht" - was vielleicht nicht übel wäre. - Vom Fischer
672 2776 3403 2899 aus zu Heini, der total heiser und den Max für heute absagen musste.
631 2883 3286 3075 Lili bei ihm, sowie Lucy M. Mit Lili in die Constanzerstrasse, mit
609 3066 3369 3181 ihr und Olga gegessen. Geheimhat Kantorovicz, von dem sie die (mäs¬
675 3165 3156 3280 sig hübschen) Zimmer gemeintet. - Hotel, Herr Adolf Lantz, alter
602 3314 2594 3428 Bekannter, Filmangelegenheiten. Wieder zu Heini.-
619 3405 3348 3586 Beim Austernmeyer Nachtmahl mit S. Fischer und Famille (nebst Bräu¬
634 3562 3372 3698 tigam der ein grosser Schweiger ist; eine Frau Hofer, mit Bruder Hr.
621 3700 3430 3834 Dernburg. Man kam vom Vortrag Trebitach, der gleichfalls mit Elisabeth
625 3808 3422 3941 Bergner erschien (sie sah 15jährig aus). Neuerliche Bitte der Frau F.
623 3913 3428 4132 ich möchte dem Diner am Sonntag beiwohnen - 120 Personen! Neuerliches
620 4077 3227 4224 Nein, nicht nur wegen Dresden, das wahrscheinlich wird. Ich könnte
626 4197 3323 4374 dort Herodes und Mariamne am Sonntag sehen). Herr Rudolf Grossmann
