3702 4686
2245 293 3384 454 Wien, 24.1.1925.Hotel Regina.
549 303 1223 463 An A. S. Schweiz.
565 563 985 717 Liebster,
1102 668 3437 854 ich erhalte soeben Deine lieben Zeilen vom 22. Von Deiner
586 848 3349 956 starken Erkältung hörte ich bereits via Herrn Assonas und Frieda, die
629 937 3317 1063 ihn sprach und mit der ich gestern Abend telefonierte. Hoffentlich
636 1091 2605 1259 kuriert Dich die Höhensonne rasch und gründlich.
1120 1207 3331 1350 Ich schrieb Dir gestern Nachmittag und habe wenig
609 1355 3318 1477 nachzutragen und das Wenige ist nicht gerade lustig. Ich fühle mich
587 1486 3268 1631 gar nicht recht wohl, habe eigentlich seit längerer Zeit fast immer
599 1629 3479 1768 ein bisserl Schmerzen in der Hüfte und seit vorgestern im Kreuz. Gestern
632 1777 3394 1887 Vormittag war ich noch aus, aber jetzt geht es nicht mehr. Ich glaub,
593 1862 3405 1982 ich habe einen hexenschuss im Kreuz. Ich hab mich entschlossen meinem
591 2020 3311 2148 alten Medizinalrat Bl. zu telefonieren, der jeden Augenblick kommen
627 2146 3265 2242 muss. Es ist ja sicher nichts dran, aber es ist höchst unangenenn,
583 2262 3399 2394 wenn man so allein, ohne Bedienung ist und sich jeden Handgriff selbst
565 2411 2221 2552 machen muss (noch dazu mit Schmerzen.)
1156 2514 3292 2639 Eben war Dr. Bl. da, konstatierte einen ausgewachsenen
588 2627 3354 2762 Hexenschuss, verordnete Pyramidon, Bett etc. Ich werde jetztvein heis-
638 2791 3322 2909 ses Bad nehmen und mich d, ann niederlegen. Gegen Abend kommt Frieda
587 2924 3314 3031 P., der ich die korrigierten Géraldy-Gedichte frisch diktiere. Meine
590 3049 3367 3177 Novelle hast Du wohl schon gestern erhalten und ich hoffe Montag da-
2063 3143 2275 3217 den ick
585 3162 3269 3325 rüber zu hören. Dies ist der 5. Brief nach dort sende und wohl auch
591 3318 3475 3447 der letzte, ouwohl Du über den Tag Deiner Abreise gründlich schweigst--
590 3456 3349 3582 Wie dem auch sei wünsche ich Dir alles Gute und Schöne, sonnige Tage,
585 3588 3156 3723 Ruhe und alles, was Du zu Deiner Erholung brauchst. Entschuldige
586 3690 3370 3830 Schrift und Kürze dieser Zeilen, aber mir tut jede Lage sehr weh und
593 3848 3203 3970 bin niederträchtig schlecht aufgelegt. Gute, glückliche Heimreise
584 3961 1838 4102 und einen innigen Kuss. Deine
1843 4014 2035 4232 C.K.
3458 101 3641 281 129
