2794 3362
950 123 1702 308 Nach Seite 233 (1-8)
424 288 1259 389 An A.S., Barkxx Wien
1538 283 2165 445 Wien, 3.Mai 1929.
398 376 1291 458 und A., der mich gerade
398 438 1366 517 überrascht hatte, als ich
408 508 1339 598 ihn geschrieben, persön¬
405 574 1014 665 lich übergeben.
1067 849 2610 981 Ich habe Dir schon oft in diesem trau-
534 1015 2587 1094 rigen Winter diese Zeilen schreibenwollen und mei-
546 1138 2622 1231 ne Absicht immer um einer törichten Hoffnung willen
542 1276 2547 1369 aufgegeben. Aber nun hat meine Hoffnungslosigkeit
553 1400 2534 1500 einen derartigen Grad erreicht, dass endlich etwas
551 1534 2509 1647 geschehen muss, um wenigstens Dir innere Ruhe und
546 1670 2263 1768 eine Vereinfachung Deines Lebens zu geben.
1069 1812 2627 1887 Ich habe Dich nach dem Unglück im heu-
545 1937 2418 2032 rigen Sommer durch Frieda fragen lassen,ob Dir
548 2075 2529 2200 die O. dadurch näher gekommen ist, ob Du sie viel-
545 2200 2465 2288 leicht jetzt mehr brauchst und dass ich mich in
538 2323 2542 2424 diesem Fall wortlos zurückziehen will. Frieda hat
545 2451 2531 2568 mir damals (in Deinem Sinn offenbar) geantwortet,
549 2605 2539 2706 dass Du mich brauchst und mehr denn je - ich soll
543 2755 2525 2869 nur ein wenig Geduld haben. Ich habe es ertragen,
537 2871 2393 3028 dass Du nach Deiner Rückkehr aus Venedig mich
