3746 4602
615 307 961 452 An A.S.
2540 296 3271 483 15.7.1930. Bl.2.
625 506 2123 662 gefühlsmässigen Einstellung zu suchen.
622 656 3295 830 hat sich diese durch die Trennung zu meinen Gunsten geändert, dann
660 784 2356 906 werde ich es mit grosser Freude begrüssen.
622 920 3447 1039 Nein, mit Freundschaft oder einer ihrer Ableger begnüge ich mich nicht
613 1014 1779 1174 und reagiere ich nicht mehr.
620 1187 3290 1347 Es ist ja immerhin möglich, dass wir uns in Jahr und Tag einmal in
609 1317 3540 1472 Freundschaft wiederfinden, heute geht das nicht. Und sind nicht die Aus-
623 1408 3506 1608 sichten für glücklichere Zeiten gegeben, dann werde ich bei Deiner Rück-
654 1562 3342 1726 kehr aus der Schweiz weder in Wien noch sonstwo für Dich zu finden
623 1720 3420 1849 sein. Einem Jahr wie dem vergangenen fühle ich mich physisch und psych-
595 1840 3363 1984 chisch nicht mehr gewachsen und auch für Dich käme nichts Gutes dabei
608 1924 922 2072 heraus.
613 2077 3359 2261 Die Antwort bedarf nicht vieler Worte, Du musst und sollst Dich nicht
596 2220 3372 2396 mit einem langen Brief ermüden. Ich werde auch aus zehn Worten - und
603 2334 3363 2478 vielleicht sind es auch noch weniger - doch das Weseniliche heraus-
597 2435 871 2574 lesen.
600 2601 3360 2746 Ich lege zwei Bilder bei, da ich hier, ohne dass ich es wusste, zweimal
1916 2708 2203 2801 einer
588 2720 3316 2907 gefilmt wurde und dann verständigt, wo die Bilder zu haben sind. Sie
587 2869 3347 3036 sind nicht sehr gut, aber vielleicht bin ich Dir dadurch gegenwärti-
580 2987 2345 3148 ger und Deine Antwort weniger - verkrampft.
575 3144 3267 3310 So gern ich reise, so gerne ich in einer schönen Gegend bin, es geht
582 3278 3178 3397 nicht um das. Bist Du reisemüde, so bleiben wir eben in Wien. Nur
617 3412 3213 3546 nie wie wieder zueinanderfinden steht zur Frage. Und in diesen
567 3529 3329 3691 Sinn erwarte ich Deine Antwort. Bitte lasse mich nicht lange warten.
878 3596 986 3665 de
569 3654 3084 3831 Möge es dort sehr sehr gut ergehen. In Herzlichkeit Deine C.K.
