3689 4694
611 249 1415 389 An A.S. nach Venedig
1995 271 2601 429 Wien, 6.9.1927.
599 346 1580 476 Hotel Corno d'Oro,Lido.
1684 404 1989 540 (Karte)
605 550 3299 697 Bin mit einer halben Stunden Verspätung nach leidlich guter Reise
601 688 3363 842 angelangt. Nacht zu Vlert. Von Villach bis Bruck zeitweise geschlum-
594 802 3359 924 mert. Empfinde die vergangenen Tage wie einen bösen Traum und möchte
585 952 3280 1087 nicht an ihre Wirklichkeit glauben müssen. Wünsche von Herzen eine
597 1047 3454 1186 schöne gute Zeit für dortigen Aufenthalt und sende fürmheute nur viele
589 1191 924 1320 Grüsse.
1569 1384 1934 1497 - - - -
2146 1636 2774 1781 Wien, 9.9.1927.
575 1755 908 1901 Liebes,
974 1910 3399 2025 Heute Früh kam Dein Brief vom 7. und ich will ihn beantwor-
2147 2002 2334 2096 laue.
584 2037 3463 2200 ten, so gut es geht, ehe ich in die Stadt, um ihn selbst aufzugeben. Uober
557 2162 3434 2337 die paar Tage, die ich hier bin, lässt sich schwer etwas sagen. Wenn
585 2311 3390 2436 ich allein bin - und das bin ich jetzt zumeist - arbeite ich unausge-
575 2440 3422 2576 setzt, sei es in der Wohnung, die noch nicht vollständig in Ordnung ist,
571 2583 3297 2720 sei es an der Novelle oder an den Korrekturen der Géraldy-Gedichte,
576 2682 3306 2844 um Gedanken möglichst auszuschalten. Aber es gelingt natürlich doch
572 2838 3370 2983 nicht ganz. Am Mittwoch Abend waren Herr, Cary, Cary und Magda zum Machtmahl
573 2959 3278 3116 bei mir, alle Drei sehr verghügt, Cary und Maggdi strahlend glücklich.
914 3088 3285 3249 Von Speidel fand ich eine Absage bereits hier vor mit der-
567 3186 3321 3332 selben Ausrede wie Zsolnay, den "Rahmen" des Verlags betreffend, in den
561 3360 3366 3496 sich der Roman nicht fügt. Meine Schwester steht in Verhandlung wegen
569 3459 3288 3592 ihres Hausverkaufs und sie scheinen günstig zu sein. In meiner Woh-
553 3587 3347 3758 nungsfrage hatsich nichts gerührt, der betreffende Herr sich nicht ge-
550 3740 3188 3881 meldet und ich weiss nicht, ob ich bedauern oder mich freuen soll.
554 3854 3359 4027 Eines Teils bin ich so müde, so tief innerlich müßde, dass ich mich Ver-
551 3994 3287 4127 änderungen kaum gewachsen fühle und diese vertrauten Räume eine Art
550 4133 3305 4267 Geborgenheit für mich bedeuten; andererseits hätte mich eine Vermie-
3490 114 3572 278 54
