3674 4710
1994 268 2638 461 Wien, 14.5.1930.
547 386 1900 496 An A.S. in die Sternwartestrasse,
540 491 1883 575 nachdem er einige Tage mit Olga
544 531 2053 626 und dem Schwiegersohn Arnoldo einige
562 606 2072 712 Tage am Semmering verbracht hatte und
538 677 1832 822 mit Olga nach Wien herunterkam.
543 976 1610 1125 Mein liebes, liebes Kind,
1137 1094 3247 1220 verzeih, wenn ich Dir meine kleine Gabe und meine in-
610 1190 3406 1367 nigsten Wünsche für morgen nur hinüberschicke und der Feder des Tages
605 1358 1122 1507 fern bleibe.
1130 1473 3368 1608 Da Deine geschiedene Gattin mit Dir zugleich vom Semme-
566 1622 3299 1762 ring herunterkommt und den morgigen Tag hier verbringt, so ziehe ich
2584 1711 2713 1794 nit
575 1745 3293 1870 mich eben zurück. - Auch könnte ich vielleicht nicht dem frohen und
567 1913 3409 2033 unbefangenen Gesicht bei Dir erscheinen, das Du sehen willst. Aber mei-
551 2020 3301 2134 ne Wünsche, die ich Dir hinübersende, sind um nichts weniger herzlich
575 2150 971 2292 geworden.
1085 2257 3357 2398 Aber gerade in Anbetracht des morgigen Tages scheint es
569 2399 3145 2539 mir notwendig an Unausgesprochenem nicht länger vorüberzugehen.
1086 2532 3341 2683 Ich bitte Dich, mein Liebes, diese Zeilen mit Güte zu le-
569 2656 3368 2787 sen. Du selbst musst doch spüren, dass es so nicht weitergeht und dass
583 2783 3442 2932 es mein Herz und meine ganze Seele ist, die hier noch einmal zu §Dir
566 2926 941 3066 spricht.
1124 3077 3262 3191 Die Kränkungen, die mir in dieser letzten Zeit wider-
576 3176 3340 3296 fahren sind, bilden nur eine Bestätigung alles dessen, was ich in die-
583 3344 3251 3443 sem trostlosen Winter empfand, in dem wirklich keine gute und keine
571 3472 3257 3564 wirklich frohe Stunde mehr für mich abgefallen ist. Ich will nicht
578 3556 3377 3697 von dem Affront sprechen, den diese Fahrt auf den Semmering mit Deiner
612 3724 3252 3834 geschiedenen Frau vor meiner Familie, vor allen Bekannten und auch
584 3800 3369 3980 vor Deiner Familie für mich bedeutet, denn er ist nichtig im Vergleich
623 3991 3203 4125 zu der ungeheueren Lieblosigkeit, die aus diesem Vorgehen sprach.
577 4107 3415 4256 Ich glaube nicht, dass ich in all den Jahren Dich oft um etwas gebeten
