3690 4694
2588 375 2915 547 7.2.26.
601 494 3389 679 Frau den Hof zu machen. Alle Details mündlich. Ich kam um 4 Uhr Früh
614 671 3250 795 mit meinem Sohn Cary gleichzeitig nachhause und schlief fest bis
591 778 825 920 1/2 10.
976 898 3398 1102 Nach Beendigung dieses Briefes will ich noch eine Stunde an
624 1043 3335 1196 der "Treppe" arbeiten und mich dann mit Deinem Film ins Bett legen.
616 1211 3313 1332 Trotzdem ich viel geschlafen habe bin ich doch heute ein bisl ver-
631 1301 3333 1442 dattert. So ein grosses Fest fallweise hat doch einen gewissen Reiz
616 1462 3347 1585 und es war wirklich elegant - so im alten Stil - die verschiedenen
660 1588 3336 1722 Sektionschefs mit allen ihren Orden. Mein Freund Globocnik mit der
625 1708 3343 1860 Eisernen Krone um den Hals. Es wurden viel Walzer und wenig Schimmys
618 1873 3255 1989 getanzt. Bei dem Wort Walzer wurde ich eben durch einen Anruf des
625 1971 3423 2134 Dr. Byk unterbrochen, der mein plötzliches lautloses Verschwinden vom Fest
613 2091 3373 2256 bedauerte und betonte, wie fabelhaft ich ausgesehen hätte etc. Siehst
606 2222 3450 2367 du, so behandelt man mich. Und ich erzähl Dir das alles 1. aus Aufrich-
616 2353 2069 2492 tigkeit und 2. na,Du weisst schon -
1169 2452 3336 2632 Ob Du daran denkst, dass es heute drei Jahre her sind,
612 2546 3326 2770 dass Du "mit den Gefühlen eines Gymnasiasten", wie Du damals sagtest,
615 2766 2159 2894 mich zum ersten Mal geküsst hast - - -
2591 2887 2792 3022 8. 2.
1206 3027 3316 3154 Ich habe gestern Abend noch den Film ausgelesen - er
603 3130 3327 3273 ist herrlich gemacht, ich finde nur an ein paar Stellen zu viel Dia-
600 3272 3353 3435 log, wie er sich weder in Bildern noch Affichen ausdrücken lässt, z.B.
601 3425 3396 3553 Seite 63–64, S.71–72 und 73. Ich erwarte eben mit Ungeduld die Morgen-
591 3526 2926 3684 post. Schluss für heute und eine herzliche Umarmung. Deine
2870 3687 3093 3819 C.K.
