3771 4723
667 347 991 528 Tgb. 18
686 576 3436 733 19.10. Der gestrige Abend besser als ich dachte. A. sehr gesprächig.
713 706 3470 845 Wildgans eher still, beobachtend, seine Stellungnahme nie preisgebend.
654 851 3320 956 Werfel sympathisch wie immer. Frau Clauser recht hübsch und
678 988 3310 1088 sehr freundschaftlich gegen mich. Alma unsoigniert und nicht sehr
682 1119 3150 1211 vorteilhaft, aber temperamentvoll und anregend wie gewöhnlich.
668 1246 3445 1378 Frau Clauser telefonierte heute A. und sagte ihm angeblich,ich hätte
681 1397 3403 1514 so besonders gut ausgesehen und Schmeichelhaftes über meine Gestalt
679 1520 3147 1624 und meine Heine. Sie hat auffallend schlechte Arme und Beine.
672 1636 3428 1770 Da A. am Vormittag einen Anruf von Heini erwartet, habe ich eine Ein-
651 1761 3366 1927 ladung von Frau Sachs angenommen, die mich seit zwei 2 Jahren darum
660 1895 1657 2032 bittet. Ich speise dort.
679 1994 3429 2191 Abends. Mittagessen ganz nett. Ausser dem sympathischen Gatten, Gisela
668 2171 3355 2294 Berger und ein Schriftsteller Erwin Rieger. Dann eine halbe Stunde
672 2300 3328 2425 bei Hermine und Paula, die mich per Auto nach Hause brachten. Abend
655 2407 3335 2549 mit A. Kino. "Der Brand in der Oper".Guter Film mit Gründgens, wenn
647 2567 3456 2680 nicht gesprochen würde. Diese Tonfilme sind unerträglich. Dann bei A.
663 2691 2514 2813 Quälend wie immer, wenn wir jetzt allein sind.
666 2815 3336 2934 Und morgen wird der Brief aus dem Burgtheater kommen, der seit zwei
656 2932 3469 3108 Tagen unterwegs ist, wisman mir ges ern Früh in der Burgtheaterkanzlei
667 3088 1847 3213 sagte. Ich halte den Atem an.
665 3193 1801 3348 20.10. Absage Burgtheater.
650 3347 3258 3472 22.10. Abend mit A. im Kino: Jazzkönig im Apollo. Langweiligster
667 3439 1980 3585 Kitsch. Salten begegnet. Stille.
660 3610 3319 3750 26.10. Gestern Harry zu Tisch. Heute Sturm und Regen. Abend mit A.
653 3745 3226 3875 im Kino. "Dolly macht Carrière." Dann bei A. Sternwartestrasse.
650 3816 1473 3997 Gemütlicherer Abend.
659 4003 3406 4159 27.10. Sturm,Regen seit Tagen. Viel gearbeitet. Mit A. dreimal tele-
650 4099 1449 4228 fonisch gesprochen.
3591 110 3693 279 106
