3746 4670
2405 277 3118 453 15.7.1930. Bl.2.
634 463 3468 631 D regulein verschwinden, man hat genug von ihm und das Gespräch mit Ri-
670 651 3219 772 chard ist peinlich und für den Verlauf des Stückes überflüssig.
659 783 3274 912 Was mich in dem Gespräch Mathilde-Richard so sehr an die Komödie
707 870 3343 1028 der Verfügung erinnert, ist wohl noch mehr die Diktion als der In-
666 1029 3343 1178 halt bis auf den Satz: "Fordern, immer nur fordern,Gegenwart,Vergan-
638 1146 3464 1317 genheit und Zukunft, - alles! "Vielleicht könntest du das anders formu-
649 1313 3351 1455 lieren. Uebrigens ist das "Forder" kein Gegenbeweis für Liebe. Nur
647 1429 3440 1559 fordern ohne geben zu können ist Schuld oer Fehler, wie Du es nennen
711 1566 1031 1709 willet.
698 1689 3481 1825 Vielleicht könnte Richard das stärker zum Ausdruck bringen. Viellecht
1340 1775 1504 1870 nie
678 1796 3391 1956 so; dass er, Franzi wirklich lieben konnte, weil eigentlich Wesen von
665 1941 3323 2069 der Reinheit Mathildens seine tiefste Sehnsucht sind und Mathilde
657 2070 2833 2224 nicht wirklich liebte, weil er in Franzi verliebt war.
638 2213 3351 2322 Ich komme mir eigentlich sehr anmassend vor, dass ich Dir das alles
662 2346 3320 2455 schreibe und ich hoffe, Du nimmst es mir nicht Übel. Es käme mir so
697 2455 3420 2612 dumm vor nur zu sagen -es gefällt mir sehr, ohne die kleinen Einwen-
665 2615 1425 2756 dungen zu äussern.
705 2727 3429 2841 Für Deine ersten lieben Zeilen, die am Freitag Abend eintrafen, danke
676 2873 3459 2994 ich Dir herzlich. Warum berühren Dich die kleinen Entbehrungen unange-
650 3031 3393 3144 nehm, die ich mir durch mein "Sparsystem" auferlege? Warum gerade die?
660 3104 3618 3239 Ich kann Dich übrigens beruhigen- ich esse ganz genug und nicht schlecht.
666 3263 3416 3394 Es gibt sicher viele Leute hier, die bescheidener und manche, die viel
661 3362 3363 3508 besser leben. Es Ich esse einmal im Tag im Hotel Bristol drühen, was
662 3526 3372 3628 für mich sehr bequem ist und ich sitze unter kultiviert aussehenden
642 3648 3458 3757 Menschen (meist Engländern) auf einer schönen, schattigen Terrasse, al-
665 3761 3316 3907 les sehr gut zubereitet und mehr gut serviert. Ich könnte in einem
666 3923 3306 4044 zweiten Rang-Restaurant sicher 10 Ck.ersparen, aber ich müsste den
650 4027 3253 4148 Schlossberg hinunter und wieder hinauf, was bei der Hitze und der
651 4147 3459 4290 ohnedies sehr anstrengenden Kur recht zuwider wäre. Frühstücken tu ich
3559 94 3644 285 59
