3702 4694
535 280 1193 442 An A.S., Berlin.
2026 234 3199 458 Wien, 19.3.1925.Hotel Regina.
517 619 871 782 Lieber,
833 704 3447 844 soeben erhalte ich Deinen Chronikbericht vom 17.3. Schönen Dank.
548 870 3430 1009 Meine Briefe, dies ist der 6. scheinen dort nicht einzutreffen, da Du sie
543 1014 3352 1124 nicht erwähnst, geschweige denn auf irgend etwas reagierst, was in den-
534 1129 1111 1277 selben steht.
1442 1200 1987 1308 chronologisch
813 1251 3420 1373 Also hier meine geordnete Lebensweise des gestri-
540 1417 3305 1535 gen Tages. Vormittag Stadt, Besorgungen - Wetter trocken, sonnig, kalt.
537 1545 3463 1648 Um 11 zu Hause, gekocht, gegessen, geschlafen. Von 3-8 anhaltend gearbeitet.
553 1668 3469 1816 Um 8 zu Cary ins Institut. Kurzer Besuch bei Oskar (Stoerk). Gespräch über
534 1791 3512 1933 Carrys Zukunft und über Bücher. Dann mit Carry allein aus der Krankenhaus-
507 1926 3393 2034 küche genachtmahlt. Er hat jetzt sein eigenes, sehr nettes Zimmer. Bis
538 2077 3428 2194 nach ½12 bei ihm gesessen, geplauscht und ihn gezeichnet. Da mein Tag mit
547 2158 3441 2349 weniger Menschen und Geschehnissen erfüllt ist, ist der Bericht entspre-
519 2310 1089 2442 chend kürzer.
1129 2433 1906 2579 Herzliche Umarmung
1657 2587 1911 2690 Deine
1856 2713 2048 2832 C.K.
3428 113 3583 256 150
