3759 4670
539 584 2710 774 Gmunden 17ten Aug. 19 31 nach Gastein villa Dr Wasing
562 744 3448 890 Meinliebes Kind, ich sehe wirklich keinen Anlass, Heini am Samstag stat
358 900 3461 1044 um 8 Uhr Abend (directer Anschluss zu seinem Berliner Zug) ein paar Stunden
368 1012 3480 1146 früher fortzuschicken und es ist ziemlich gleichgiltig ob du in Gastein einen
367 1117 3448 1269 Tag früher oder später verlässt roct. ob du einen Samstag oder Sonntag mit
364 1254 3481 1428 mir zusammentriffst. Ebenso find ich deine Forderung oder Bedingung unannehm-
337 1392 3496 1595 bar; dass du das Recht für dich in Anspruch nimmst, G. event. gleich an näh
333 1493 3501 1697 nächsten Tag wieder zu verlassen, dass ich aber nicht das Recht haben soll man
298 1629 3375 1801 nach 8 Tagen von G. abzureisen sonder, dass ich mich zu einem unlimitierten
308 1770 3516 1920 Aufenthalt verstehen soll. Ich behalte und behielte mir dann selbstverständlich
308 1909 3389 2074 vor ( gerade so wie du) abzureisen, wann es mir beliebt, wie ich es überhaupt
316 2066 3439 2213 einfür alle male ablehne, in meiner Bewegungsfreiheit behindert und mir ul-
305 2187 1980 2360 timierende Bedingungen stellen zu lassen.
306 2312 3501 2463 Ich habe aber keinen Grund meine telefonischen Vorschläge abzuändern und erklä-
306 2457 3510 2580 re nochmals meine Bereitwilligkeit, mit dir Sonntag 23ten im Laufe des Tages,
320 2544 3476 2696 sei es im "Austria" sei es im Kur-Hotel zusammenzutreffen (wo ich dir auch
320 2696 2469 2868 schon für Sonntag Abend ein Zimmer bestellen könnte).
324 2831 3500 2978 Solltest du aber weiter bei deiner Absicht bleiben schon früher (oder wann i
316 2964 3519 3104 immer) Gastein ohne Angabe des Zieb zu verlassen, so werd ich für meinen Teil
329 3098 3303 3234 zu Beginn nächster Woche direkt nach Hause fahren. Ich erwarte baldigst
310 3211 1895 3398 Bescheid, und grüss dich sehr herzlich
1820 3356 1938 3527 de
