3726 4662
1978 292 2884 425 Seelisberg, 10.8.1924.
2415 371 3039 524 (nach Celerina)
591 491 3293 629 Liebster, ich habe zwar heute keine Nachricht von Dir, aber ich will
554 629 3321 774 das nicht so genau nehmen und Dir ein paar Zeilen senden, um mich Dir
556 738 3287 901 dadurch einige Augenblicke näher zu fühlen.- Ich weiss nicht, warum
549 881 3274 1046 mir so ist, als wärest Du schrecklich fern und es erscheint mir ganz
555 997 2681 1193 unwirklich, dass wir uns erst kürzlich so nahe waren.
555 1143 3314 1288 Ich muss sagen, dass es mir hier noch immer nicht sonderlich gefällt,
539 1308 3231 1461 die Sonne will nicht scheinen und mir ist innerlich und äusserlich
537 1401 794 1537 kalt.
524 1541 3309 1702 Wie bald wird dieser Sommer um sein, der für mich noch nicht begonnen
577 1683 3279 1810 hat und man ist wieder in Wien und geht dem endlosen kalten langen
545 1776 1229 1941 Winter entgegen.
576 1931 3264 2064 Die Leute um P. herum sind mir recht unsympathisch und da ich mich
549 2082 3297 2194 ihnen möglichst ferne halten fühle ich die allgemeine Feindseligkeit
541 2213 3330 2351 gegen mich wachsen. Die arme Hermine laviert hin und her, bekommt Vor-
588 2329 3348 2476 würfe, dass sie sich zu viel um mich kümmert und dass mir niemand gut
575 2422 1022 2580 genug ist.
531 2568 3331 2736 Gestern Abend war Ball. Ich sah in meinen schwarzen Abendmantel gewi-
537 2718 3357 2847 ckeltmit den Andern eine Weile zu, lehnte die Aufforderung eines klei-
531 2837 3349 2987 nen jüdischen Arztes (das soll kein Vorwurf sein, nur eine Schilderung)
534 2983 3297 3101 mit ihm zu tanzen energisch ab und verschwand um zehn Uhr lautlos in
559 3131 3283 3283 mein Zimmer. Ich hatte ein bischen Halsweh und fieberte, was ich mit
505 3252 1376 3397 Pyramidon coupierte.
514 3364 3327 3510 Heute gelang es mir anderthalb Stunden allein spazieren zu gehen. Ich
522 3495 3418 3659 habe in Gedanken an der neuen Movelle gearbeitet und will jetzt mit dem
502 3628 3326 3759 Niederschreiben beginnen. Es ist ½5 Uhr, wo magst Du wohl eben sein?
492 3761 3277 3930 Was magst Du sprechen, denken? - Ich bin neugierig, wie lang ich hier
511 3907 3408 4025 bleibe und was ich plötzlich beschliessen werde.-Mir erscheint alles so
522 4046 3354 4172 sinnlos und hat doch sicher einen Sinn. „Man glaubt zu schieben und man
516 4130 1161 4270 wird geschoben".
514 4297 3341 4452 In dem riesigen Speisesaal heute Mittag waren mindestens 300 Menschen,
3480 96 3628 279 84
