3811 4501
1787 262 1864 337 5 -
770 499 3400 627 eine menschliche Beziehung helfend oder rettend eingreifen, wenn
708 641 3396 783 man nicht zu beiden Beteiligten mit den gleichen Sympathien steht,
721 776 3329 907 istw immer eine Kurzzichtigkeit oder eine Gemeinheit oder - eine
710 872 3498 1020 Unaufrichtigkeit, die leicht zum Verbrechen wird und strengere Sühne
697 1025 3158 1191 verdient als ein Mord, der reineren Motiven entspringen kann.
1612 1166 2060 1295 - - - -...
645 1341 3563 1490 Zwischen Liebenden gibt es keine Verpflichtungen, sondern nur Selbstver-
707 1486 3492 1610 ständlichkeiten. Empfindet man erst einmal das, was man gibt oder em-
706 1605 3488 1756 pfängt, als eine erfüllte Pflicht, dann liegt die Liebe in den letzten
707 1690 3002 1900 Zügen und man sollte ihr rasch den Todesstoss versetzen.
1765 1883 1985 2019 -- —
642 2014 3359 2169 Es ist wichtiger von einem geliebt zu werden, dem wir nur Sympathie
714 2158 3430 2311 entgegenbringen, als einen zu lieben, der uns nur sympathisch findet.
1687 2321 2038 2438 ............
703 2486 3510 2651 Ihr nennt Eure Magd, die Euch Zucker oder ein Paar Strümpfe entwendet,
670 2649 3393 2772 eine Diebin - und mit Recht. Was aber seid Ihr, die Ihr einer Andern
662 2785 3249 2919 den Mann, den Geliebten nehmt, oder es wenigstens - versucht - -?
1641 2906 2077 3041 - - -
646 2998 3477 3246 M anche Frauen gönnen einer andern nicht einmal den Mann, den sie ver-
676 3244 3447 3384 lassen haben und nehmen es ihm übel, wenn er mit dieser Andern glück-
649 3343 1164 3534 licher ist.
1685 3454 2079 3594 ............
669 3688 3444 3835 Das Wesen einer menschlichen Beziehung entscheidet nicht wie sie be-
674 3788 1823 3961 ginnt, sondern wie sie endet.
1684 3935 2059 4082 - - -
