3771 4453
1765 233 1872 378 - 2
626 417 885 653 Takt 1
1073 472 3100 651 er impulmiv das Richtige tut. Wer erst überlegen mu
631 629 3298 759 es nur Klugheit oder Glück nennen, wenn er die richtige Gebärde und
610 740 2710 902 richtige Wort im richtigen Augenblick gefunden hat.
1616 848 1947 997 - - - -
2187 1051 2419 1182 immer
605 1126 3353 1294 Einen Menschen brauchen, bedeutet nicht xxx eine Schwäche, es ihm zu-
664 1227 2625 1441 gestehen, - eine Stärke, die nur wenige aufbringen.
1611 1391 1949 1514 - - - -
611 1650 3447 1822 Es kommt nicht so sehr auf den Eifer an, mit dem wir eine Arbeit begin-
625 1813 2632 1950 nen, als auf das Gefühl, mit dem wir sie vollenden.
1670 1883 2005 2090 I.
609 2151 3232 2370 Verträge bedeuten eigentlich nichts anderes als eine gegenseitige
541 2275 1456 2437 M isstrauenserklärung.
1682 2418 1998 2585 - - - -
552 2685 3259 2832 Manche Menschen fühlen sich bemüssigt ihre Umgebung stets in Umruhe
565 2776 3236 2964 und Aufregung zu versetzen, denn sie ahnen, dass man in der Ruhe des
588 2944 2576 3100 Alltags erkennen würde, wie unbedeutend sie sind.
1637 3080 2045 3201 - - - -
596 3344 3215 3465 Beten bedeutet für Manchen das Murmeln vorgeschriebener Gebete im
605 3489 3199 3638 Dunkel einer Kirche und mit krampfhaft geschlossenen Lidern. Für
596 3593 3404 3768 Andere ist es das stumme Schreiten über eine frühlingsgrüne Wiese mit
533 3696 1521 3859 offenen,sehenden Augen.
1744 3832 2090 3997 ..........
3344 381 3424 609 de
