3674 4707
2917 320 2990 438 2
2664 433 2992 590 1.1.27.
570 575 3338 702 her so drehen und gepitzelt tun. Jedesfalls komm bitte bald, denn ich
474 721 1384 851 sehne mich schon sehr.
913 846 3336 989 Heute ist die Neue Freie Presse geradezu von der "Nani" er-
500 972 3412 1108 f체llt. Es kommt in den n채chsten nur noch die kleinere H채lfte. Kaufe die
463 1124 3238 1236 Presse und gib sie Dora M. auch zu lesen. Entschuldige die Schrift,
454 1235 1666 1375 es geht im Bett nicht besser.
962 1360 1994 1529 Ich k체sse Dich sehr sehr.
1144 1489 1394 1644 Deine
1390 1626 1610 1777 C.K.
3396 118 3559 281 37
