3440 4795
330 284 3257 436 mit den Mädeln aufgeführt wurde. Minnie hatte abgesagt. Clara; Riesa; Hugo.
332 466 1202 614 7 ten III. bei Loebs.
313 553 3306 739 21 III ten. Bei Loebs mit Georg Hirschfeld / (Dichter der "Mütter" und
2550 658 3099 761 Agnes Jordan
337 707 2778 836 auch Hugo (Hofmannsthal) Correkturen an Cl. L's Buch " MIMI
307 841 1775 1005 5ten 4ten Nachmittag bei Clara L.
283 991 3384 1142 6 ten 4. von Clara L. Bild. (Dieses Bild und andere liegen im Safe- Exemplar
682 1091 3385 1248 Ich hatte ihm dieses Bild als Gegengabe für das seine ganz officiel
323 1231 3307 1312 geschickt.ehe er seine Frühjahrs- Reise antrat. Ich ahnte natürlich nicht
313 1259 3386 1374 dass er mit seiner Geliebten Marie R. reiste, die als ANNA im Weg ins Freie
314 1349 727 1453 vorkommt.)
326 1382 3383 1512 Kurz nach seiner Abreise erschien der Vor-Abdruck von "MIMI" Schattenbilder
327 1461 3318 1566 aus dem Mädchenleben mit einem Prolog Hofmannsthals und unter dem Pseudonym
342 1525 3323 1636 "Bob" in der Fischerischen N. D. Rundschau. Ein anonymer Brief verriet mich
328 1592 3263 1709 den Eltern als Verfasserin. Ich wurde geprügelt bekam Hausarrest und Hugo
330 1651 3301 1775 musste an Fischer schreiben, dass das Buch nicht erscheinen darf. So be¬
330 1717 3346 1844 sitze ich ein einziges gedrucktes Exemplar der Rundschau, in der die Scenen¬
319 1815 2420 1945 folge abgedruckt ist. Es liegt gleichfalls im Safe.
710 1902 2372 2048 weitere Tagebuch- Aufzeichnungen von A. S.
299 1973 3383 2122 16ten 7. Bei Loebs in Aussee.- Schon lang (während ich in Paris war) ist ihre
321 2062 3359 2195 Claras) Autorschaft von "Mimi" herausgekommen. Sie vermuthet durch einen
252 2117 3221 2250 anonymen Brief aus dem Minnie B. Kreise die die Sache herumgetratscht hat.
250 2148 3362 2312 Clara las mir Fremdenbuch" und Verlaine - Übersetzungen vor. Anna Altenberg-¬
263 2281 1878 2420 Parodie. Sehr gut.- Eigentlich wars fad.
296 2344 3290 2519 20ten 7. Loebs in Ischl.- Mit ihnen nach Hallstadt. - Fade Leute dort.- Auf
277 2424 3403 2582 den Friedhof mit Clara L. Sie fragt mich, - wenn sie nach Pest heirate, ob ich
291 2529 2884 2666 sie dort besuchen würde? sonst täte sie nicht.. - Mit Rad zurück.
770 2639 1578 2801 dann wieder in Wien
229 2680 3338 2857 21ten Oktober. Bei Clara L. Sie erzählt mir von mancherlei Tratsch, beklagt
229 2795 3247 2914 sich über HUGOS Fernbleiben. Ich erleuterte es aus Hugos Wesen. Sie : Es war
272 2853 3286 2976 aber nicht rein freundschaftlich.“ Ich: Eben darum. Bei uns kann solche Un¬
269 2924 3366 3053 terbrechung nicht statfinden, da wir rein freundschaftlich... "Sie: (höchst
261 3042 1702 3142 unzufrieden - "So?" - " Wir lachten.
2850 3103 3263 3248 (Marie R.)
226 3143 2179 3282 24 ten 10ten:Rad mit Loebs, Salten, Pollaczek.
227 3229 3297 3397 26 ten 10ten Prater Rad mit Loebs Salten, Pollaczek. N. M. zu M. R. die auf
2403 3329 3138 3447 Cl. eifersüchtig.
222 3393 2238 3544 2 ten November/. zu Loebs wo ich mich langweilte.
226 3487 3230 3644 12 ten November bei Loebs. Clara sprach über Pollaczek, Anna von Salten.
243 3614 3348 3798 29 ten November. Bei Loebs. - Der Anna einen Brief von S. gebracht. (Rockta¬
237 3718 3355 3871 sche - Der Clara riet ich zu warten; - es wird immer deutlicher, dass sie
246 3836 1590 3941 am liebsten mich heiraten möchte.-
