3686 4703
2896 233 3258 444 25.8.28
645 496 3342 622 die Einsamkeit und zudringliche Gedanken abzubrechen. Dr. Weiss, der
648 597 3260 751 zum Besuch seiner Familie wieder hier ist, setzte sich zu mir. Er
657 746 3414 921 wollte wieder, dass ich dem "Ball" im Saal assistiere, aber ich lehnte
651 859 1713 1014 ab und ging bald schlafen.
1118 999 3178 1132 Ich freue mich Deinem nächsten Brief entgegen, mein
644 1135 3334 1299 Liebes - es ist die einzige Freude, die ich hier habe und ich küsse
639 1243 1129 1380 Dich innig.
1273 1350 1728 1525 Deine C.K.
3363 126 3575 355 141/15
