3690 4666
3396 60 3545 201 305
2751 294 3117 477 27.7.26.
601 515 3226 656 tert von der "Else" - Uebersetzung, die er mir um ½12 Uhr zur Gutruf
598 646 3380 796 bringt. Ich übernehme nur das Heft und gehe meiner Wege, da ich Besor-
594 770 3519 920 gungen und keinerlei Lust zu einem Bummel habe. Meine Stimmung ist über-
589 915 3550 1061 haupt, wohl auch im Zusammenhang mit physischen Unbehagen nicht die beste.
595 1043 3402 1183 Der Abreisende hat es übrigens immer leichter - Abwechslung, Bewegung,
591 1161 3439 1322 neue Eindrücke, andere Menschen. Ich bleibe in dem gewohnten Rahmen zu-
577 1270 3323 1451 rück, dem sozusagen der "tägliche Glanz" fehlt. Möchtest Du mir nicht
585 1451 1786 1611 auch mal so was wettes sagen?
1056 1564 3395 1686 Heute Auend nachtmahlen meine Söhne bei mir. Ich hab meine
582 1685 3437 1814 Kinder, weiss Gott, sehr gern und war nie eine schlechte Mutter, aber man
589 1828 3473 1961 ist schliesslich doch nur für die Kinder da, wenn sie einen brauchen, sie
589 1971 3404 2082 nie für einen.-Heute ist Carly ein Brief von der Magda viel wichtiger
585 2086 1753 2245 als ich und aich verstehe es.
1066 2226 3361 2343 Den "Laudin" habe ich gestern noch begonnen und bis S.60
593 2364 3372 2499 gelesen. Wenn mir auch bisher keine einzige Figur sympathisch oder in-
585 2466 3400 2601 teressant erscheint, das Abendgespräch der zwei kleinen Töchter von ei-
701 2649 3523 2771 ner unglaublichen Unnatur ist so ist doch die Begabung und das Niveau
589 2737 3338 2894 turmhoch über Raoul A. zu stellen, dessen Roman mir täglich zuwiderer
580 2880 3354 3017 wird. Nun aber ist dieser erste Brief wirklich unglauplich lang ge-
586 2994 3397 3107 worden. Antwort mir gleich, denn wenn ich in die Schweiz fahre, schreibe
585 3140 3506 3248 ich gleich nach Erhalt Deiner Antwort an das Hotel Gotthard nach Zürich,
594 3272 3471 3414 wenn nicht schreibe ich den P s. ab und setze mich gleich mit Golling in
577 3389 3436 3533 Verbindung. Natürlich haben Sparmassregeln nur dann einen Sinn, wenn sie
584 3526 3392 3649 von allen Beteiligten ergriffen werden, denn sonst ist der Unterschied
589 3653 3514 3772 ein zu geringfügiger. Ich möchte gerne alle Sorgen und Unannenmlichkeiten
616 3752 3500 3942 von Dir nehmen und wenn Du Dich immer vorher mit mir beraten wolltest,
580 3939 3449 4079 ginge es auch. Nun Lebwohl, mein Kind, ich küsse Dich von ganzem Herzen.
1605 4037 1864 4214 Deine
1856 4200 2055 4307 C.K.
