3690 4687
2860 406 3221 574 23.4.26.
537 515 3359 701 ich ihr antworten: "Mein Kind, was Du da sagst, mag sehr klug, sehr prak-
512 702 3341 824 tisch sein, aber es missfällt mir sehr und ganz besonders von so einem
508 817 3388 961 jungen Wesen. Wer liebt, kann sich nicht bewahren und wer nicht richtig
500 940 3333 1108 lieben kann wird weder beglucken, noch jemals wirklich glücklich sein.“
497 1110 3254 1200 Aber ich bin weder der Fraiherr noch Du - und so kann ich Leonilda
504 1221 3394 1339 nichts erwidern. Dir aber möchte ich sagen: Man kann sich zurücknehmen,
504 1351 3182 1481 auen wenn man sich ganz gegeben hat - ganz plötzlich - weil irgend
502 1470 3381 1585 etwas innerlich kaputgegangen ist oder auch langsam, weil durch irgend-
501 1607 3277 1718 welche Umstände eine Liebe abflauen kann. Aber lieben und mit eiger
499 1731 3342 1871 Bremse des Herzens und der Seele herumgehen, das kann man nicht und das
541 1859 3367 1982 soll man auch nicht, denn es ist die Selostverstümmelung eines Gefühls.
507 2026 3275 2148 Sage mir nicht, es sei Dein "Wesen", es ist nur ein Prinzip, mit dem Du
496 2105 3375 2265 Deinem Wesen Gewalt antust. Lass mich glauben, dass es nicht Dein Wesen
505 2269 752 2388 ist.
1009 2328 3437 2560 Ich werde zum Abendessen gerufen, vielleicht ist es gut, dass
495 2508 1907 2664 ich hier aufhören muss.
2456 2545 2825 2794 24.4.26.
1063 2782 3347 2925 Endlich Sonne und blauer Himmel. Am Vormittag zwei Stun-
488 2913 3396 3017 den mitkmeiner Schwester spazieren gegangen, den ganzen übrigen Tag faul
2053 3002 2248 3096 Jetzt
502 3038 3345 3153 im Garten gesessen und mich gesonnt. - Koste bist Du in Lissabon gelan-
500 3153 3351 3290 det und ich erwarte Dein Telegramm mit einiger ungeduld. Meinen rekom-
548 3317 3244 3422 mandierten Expressbrief vom 18. wirst Du wohl vorgefunden haben und
516 3397 3259 3585 gleich beantworten. Ich brauchte viele vieile warme Briefe von Dir, um
497 3583 3251 3703 Dich nicht so weit, weit fort zu empfinden. - Morgen werden hier leider
513 3698 3338 3867 viele Gäste erwartet. Emmy Erlanger, Byk, mein Bruder Otto und Frau, Hof-
497 3826 3340 3952 rat Meyer und Frau, ein Ehepaar Worlitzky etc. Uebermorgen Montag Nach-
494 3980 3269 4128 mittag will ich wieder in Wien sein und dann willich arbeiten. Ich
494 4066 3141 4241 habe eine schreckliche Sehnaucht mich ganz in Arbeit einzuspinnen
3459 77 3593 203 285
