3782 4686
2496 287 3337 491 30.4.1928. Bl.2
742 505 3482 685 die ich von Dir erhalten habe. Ich freue mich, so ungetrübte Reise-
730 677 3446 790 tage ich mit Lili und Arnoldo verlebt habe, schon sehr der Heimkehr
767 807 3462 903 und vor allem Dir entgegen. Du hast wohl noch ein Wort von mir aus
733 920 3487 1026 Venedig. Für heute nur noch diese letzten Meeresgrüsse und sei zärt-
727 1070 1337 1213 lich umarmt von
1429 1169 1733 1299 Deinem
1791 1330 1908 1426 A.
1777 1508 1939 1611 -- —
3550 104 3692 247 121
