3771 4622
557 217 1202 393 Tgb. 18.6.1931.
537 457 3482 583 Am Heimweg im Auto behauptete A., Heini hätte ihm auf seine die bezügli¬
559 574 3401 721 che Anfrage vor ein paar Tagen erklärt, meine Anwesenheit sei ihm nicht
569 678 3275 845 erwünscht. Ich fürchte, A. spricht die Unwahrheit. Er behauptet auch
543 833 3451 1034 nicht zu ahnen, wie Heini und Ruth miteinander stehen und gerade gestern
558 994 3382 1134 seit die Rechnung des Advokaten für die Scheidung gekommen. Ansonsten
569 1094 3341 1245 war er den ganzen Abend unliebenswürdiger und fremder denn je. Heute
596 1242 3478 1378 Früh Anruf wie immer, Frage nach meinem Befinden. Er geht am Abend noch¬
554 1361 3411 1483 mals zu "Leer", allein. Er riet mir Vormittag bei der Hitze nicht fort¬
561 1486 2273 1630 zugehen. Seit zwei Tagen Hochsommerwetter.
564 1573 3392 1746 Ich rief um all Vormittag bei ihm an, um ihn noch zu ersuchen wegen der
565 1767 3488 1874 Generalprobe keinesfalls etwas mit Heini zu bezprechen, wenn er nicht da-
531 1867 3436 2047 von anfängt. Aber A. war nicht zuhause. "Zum Friseur vielleicht", meinte
545 2018 3362 2158 Minna. Ich habe eben 12 Uhr wieder angerufen und da sich wieder Minna
552 2129 3357 2276 meldete, legte ich das Hörrohr fort, ohne mich zu melden. Der leidende,
558 2271 3537 2435 müde, alte Herr ist bei der Temperatur unterwegs. - Ich glaube nicht mehr,
552 2417 3362 2580 dass er mich zu halten versuchen wird, wenn ich fortgehe.- Harry fährt
545 2537 3399 2682 am 29. oder 30. mit der "Lacoronia" via Hamburg, bis dahin müssen meine
558 2652 1166 2832 Nerven halten.
543 2801 3330 2931 Als ich um 3/4 1 nochmals anrief, war Frieda am Telefon und sagte, der
523 2940 3328 3054 Herr Doktor sei den Moment auf einen Sprung weggegangen, sie glaube,
553 3098 3156 3198 zum Advokaten. Sie lügt, - aber was bleibt ihr schliesslich übrig?
557 3165 3382 3337 Abend allein zuhause. A. nochmals bei "Lear", weil Heini jetzt als
585 3297 2963 3455 Narr im 3. Akt stirbt. Cary und Magdi sind auch im Theater.
544 3442 3401 3574 19.6. Anruf A.'s vor 8 Uhr. Er holt mich zwischen ½ und 3/4 11 Uhr zur
544 3571 3320 3738 Generalprobe ab, muss vorher zum "Friseur", also war er gestern nicht
542 3707 1821 3827 dort,oder geht heute nicht hin.
530 3860 3358 3968 A. kam schon im Auto um 3/4 11 aus der Richtung seines Hauses, brachte
543 3997 3245 4115 Rosen aus seinem Garten. Beim Volkstheater machte die Taxe fast
531 4129 2483 4243 9 Schillinge aus, wo mag er vorher gewesen sein?
