3690 4691
687 251 1326 407 An A.S., Berlin.
2010 263 2660 424 Wien, 21.3.1929.
671 517 1096 660 Liebster,
1207 611 3474 802 verzeih, dass ich Dir auch nach unserem heutigen telefo-
708 776 3370 928 nischen und wenig beglückenden Gespräch nur ein paar Zeilen sende.
692 911 3421 1059 Zu erzählen habe ich nichts, denn dass ich gestern bei Tante Sidonie
695 1050 3536 1189 war ist:recht belanglos und für den gewissen leichten Plauderton fehlt
704 1168 1497 1317 es mir an Stimmung.
1218 1327 3453 1461 Ueber die Gründe meiner Depression zu sprechen ist ganz
694 1446 3403 1580 Überflüssig, Du kennst sie, oder kannet sie Dir aus tausendmal Gesag-
696 1584 3282 1725 tem zusammenreimen. Worte darüber würden Dich nur verstimmen und
693 1719 3377 1822 nichts ändern - also wozu? Zu alledem kommt die pekuniäre Enge, die
1817 1793 2039 1876 nimmt
689 1854 3327 1963 mir jede Bewegungsfreiheit mich jede Situation doppelt und
1385 1922 1603 2002 lässt
2904 1935 3117 2016 zeigt
672 1949 3398 2124 Kreifach empfinden und mir die Unmöglichkeiten irgend
695 2104 3418 2242 einem Impuls zu folgen. - Nur aus diesen Gründen würde mich eine po-
683 2227 3335 2371 sitive Antwort Ullsteins so glücklich machen. Aber ich höre schon
691 2370 3280 2491 das "Nein" und weiss, dass ich dann für die Oeffentlichkeit keine
683 2494 3411 2619 Zeile mehr schreibe und für mich nicht mehr, als einem inneren Zwang
691 2603 3402 2736 entspringt.- Hoffentlich führen Deine dortigen "else"-Verhandlungen
690 2753 3297 2899 doch zu dem von Dir gewünschten Resultat und jedesfalls musst Du
672 2896 3164 3039 dort bleiben, bis Du schriftliche Abmachungen in Händen hast.
1193 3013 3400 3127 Ich habe nicht das Geringste vor. Porges, Hatvanys,Tol-
710 3146 3394 3293 nays,Tedy B., Ferda Bl. sind an der Riviera,Königswarter in doppel-
680 3244 1151 3403 ter Trauer.
1188 3331 2948 3526 Das Wetter ist schön und heute auch wärmer.
981 3517 2722 3677 Mit herzlicher Umarmung und guten Wünschen
1862 3649 2326 3799 Deine C.K.
3443 74 3601 223 218
