3690 4690
610 352 1277 506 An A.S., Berlin.
2035 335 2667 487 Wien, 15.3.1929.
611 668 1139 814 Mein Liebes,
1155 803 2279 953 heute ist noch kein Brief vo
2368 801 3244 964 Dir da, aber ich hoffe
614 928 3329 1095 ex es kommt einer im Laufe des Tages. Gestern gegen Abend habe ich
632 1066 3399 1195 auch noch einen kleinen Spaziergang gemacht, nachdem ich den Brief an
634 1216 3457 1326 Dich in den Kasten geworfen. Es war sehr angenehm frisch und windstill
633 1338 3358 1484 und der Mond und zwei Sterne sassen ganz hart und scharf am himmel,
620 1487 2044 1622 wie ich das noch nie gesehen habe.
2722 1469 3350 1599 (Ganz genau so,
667 1756 3406 1863 wie ich es hier aufgezeichnet habe. Es sah geradezu unnatürlich aus
643 1861 2199 2015 und weit und breit kein anderer Stern.
1139 2004 3268 2134 Zum Nachtmahl waren dann Otto und Emmy da und es war
639 2145 3298 2276 sehr gemütlich und wir haben sehr viel gelacht. Emmy kam über die
629 2238 3312 2371 zahmen Tauben, die der Wolfi hat, auf die Fortpflanzung der Vögel zu
628 2371 3242 2535 sprechen und erklärte, sie geschähe dadurch, dass das Männchen dem
1559 2479 1860 2555 springe
628 2526 3398 2644 Weibchen auf den Rücken und ihr einen Tritt versetze, wodurch
604 2661 3396 2784 sich die Eier befruchten, man nenne das den Hahnentritt. Otto und ich
618 2773 2223 2937 fielen vor Lachen fast von den Sesseln.
1147 2910 3219 3030 Ich las ihnen auch den neuen Schluss meiner Novelle
625 3053 3259 3171 vor, den sie ausgezeichnet fanden. Nun bin ich begierig, was Du von
634 3154 3394 3292 Wiegler hören wirst. Frieda telefonierte mir heute, dass von Ullstein
632 3304 3032 3423 nichts gekommen ist, was mir eher ein gutes Zeichen scheint.
1193 3429 3378 3558 Wann kommt Strnad nach Berlin? Wenn er Schwierigkeiten
617 3571 3416 3726 macht, klammere Dich nicht an ihn. Mich entzückt die Idee mit dem Saal
618 3709 3350 3830 nicht sehr und erscheint mir mehr als eine fixe Idee als seine Not¬
628 3801 3437 3950 wendigkeit. Aber vielleicht ist das eine Anmassung von mir das zu be-
614 3967 3053 4086 haupten, oder richtiger: ich urteile zu sehr nach dem Gefühl.
1135 4079 3263 4219 Jedesfalls erwarte ich weitere Nachrichten schon mit
606 4200 3310 4347 Ungeduld. Ich gehe jetzt ein Telegramm an Königswarter aufgeben, da
3474 80 3562 249 207
