3782 4702
668 333 1287 496 Tgb. 6.7.1930.
672 527 1848 725 Jägerhaus, Freundschaftshöhe.
676 726 3342 839 Montag. Müdigkeit, Herzbeschwerden, Einsamkeit. Beginne die "Corday"
715 867 3257 1010 durchzulesen. Der Fremde spricht mit ungarischem Akzent (sieht
681 992 1373 1154 nicht Übel aus).
683 1142 3321 1321 Diendtag. Beim Brunnen mit Baron Guttmann zusammen getroffen und
668 1321 3528 1465 während ich mit ihnen spreche Siegfried Trebitsch dazu gekommen.
672 1444 3010 1574 Ich soll ihn (den Fremden) am Abend treffen. Warum nicht?
668 1589 3348 1737 9 Uhr Abend. Sein Auto wartete an der Ecke. Ich sollte einsteigen.
688 1720 3339 1842 Lief nach den ersten 3 Worten davon. Kann nicht. Es war das erste
686 1864 2526 1981 Mal im Leben, dass ich mich ansprechen liess -
675 1981 3383 2130 Um 9 Uhr Anruf A. Etwas besseres Gespräch. Um 1/4 7 Maler Klier in
655 2066 950 2184 2 x. XXX
701 2200 3454 2285 der Ausstellung getroffen. Vielleicht schreibe ich wirklich ein paar
681 2277 3449 2436 Zeilen über die Ausstellung. Eben 9 Uhr Abend Anruf Baron Guttmanns,
693 2398 3482 2539 will mir morgen Abend mit Gattin zur Spazierfahrt abholen. (Der Frem-
691 2554 2125 2733 de grüsst nicht mehr, ich bin froh.)
694 2691 3466 2815 Geburtstag meiner Mutter, ich bin in Gedanken an ihrem Grab. Befinden
689 2836 1290 2956 gar nicht gut.
685 2908 3492 3058 Nachmittag Ausfahrt mit Baron Guttmann und Gattin. Sehr schöne Fahrt
704 3104 3366 3246 über Hans Heilling, Ellbogen, wo Goethe mit Familie von Lewetzow war.
735 3193 3309 3388 Und dann über Semmering (erinnennt ein wenig an unseren Semmering)
708 3360 1012 3480 zurück.
697 3490 3461 3600 Am Abend Arzt bei mir, behauptet wekter, mein Befinden nur Wirkung der
684 3625 910 3783 Kur.
674 3789 3420 3931 10.7. Fühle mich heute etwas wohler. Bin neugierig, wann A. über das
694 3929 1728 4077 "Nachher" schreiben wird.
691 4038 3444 4203 Nachmittag Imperial, five o'clock-tea. Wurzerei, auf die ich nicht vor-
677 4200 2700 4330 bereitet war. 33 CK. für einen Kakao und Zwieback.
