2793 3358
1024 343 1139 456 4e
1463 362 2123 500 26. August 1897.
436 543 2375 691 Heldin sondern ein ganz modernes Weib, nach den
450 680 2437 821 allgemeinen Begriffen modern, das eben ihrer Zeit
450 865 2375 969 voraus ist. Ihre "Tat " ist die Eitelkeit eine
453 952 2565 1101 verklärende Rolle zu spielen, Sucht nach Unsterblich
442 1106 2364 1217 keit, ein bischen Hysterie und naive politische
437 1239 2365 1356 Anschauung. So seh ich sie eigentlich in keinem
455 1382 2473 1493 sympatischen aber doch reizvollen Licht. Was sagst
431 1487 2484 1596 Du dazu? - Ich bin sehr in Sorge wegen Hugo, weil
449 1642 2529 1747 er in der letzten Zeit soviel mit Andrian beisammen
443 1775 2450 1881 war und der nur von sehr schlechtem Einfluss sein
430 1918 2474 2009 kann. Sein Zustand ist arg. Er soll furchtbar ner-
442 2018 2592 2163 vös sein, arbeitet nichts und beschäftigt sich tage-
438 2147 2428 2255 lang mit der Erfindung von Namen. Unlängst hat er
443 2279 2447 2425 sich den Namen "Hella Silveson " oder so ähnlich
445 2407 2552 2513 erdacht und dann den ganzen Tag laut vor sich hinge-
443 2547 2637 2672 sprochen. Ich würde diesen Erzählungen weniger glauben
449 2667 2431 2793 wenn ich Andrian nicht unlängst gesehen hätte und
447 2801 2628 2940 sein Anblick wirklich traurig ist. Er ist erschreckend
446 2929 2518 3028 abgemagert und sieht direkt verstört aus. Und unter
427 3052 2401 3197 diesen Eindrücken ist Hugo nach Italien. Wie mir
2558 139 2661 348 24
