3755 4687
1869 232 3021 370 „Antonio Delfinò, 8. Mai 1926.
2089 336 2404 459 Mittag.
1934 427 2415 578 (nach Wien)
718 575 3295 721 Mein Liebes, in Lissabon vorgestern erhielt ich Deine Karte – und
729 733 3226 837 es war zugleich die einzige Nachricht, die uns aufs Schiff ge¬
740 843 3136 969 bracht wurde, so dass ich seit 19.v.M. aus Wien überhaupt
727 951 3412 1101 nichts weiss (und von Dir nach dieser Karte auch nicht eben viel).
724 1073 3419 1209 Die Karte vom Schiff, die in Lissabon aufgegeben wurde, mit dem Por-
735 1234 3277 1361 trät des Dampfers, ging ans Land, eh Deine kam. Wir sind also am
737 1349 3265 1506 Montag Nachmittag in Las Palmas an Bord gegangen und bis heute
727 1495 3429 1614 war das Meer völlig glatt; eben erst meldet sich der Gulf von Bis-
730 1642 3310 1777 caya gelinde an. Das Schiff ist wundervoll; zuerst waren wir im
736 1751 3487 1897 Raum etwas beschränkt; da wir uns, Lili und ich mit einer allerdings-
736 1911 3463 2034 bequemen Kajüte behelfen musste; - seit gestern haben wir die Neben-
742 2043 3441 2158 kajüte dazu bekommen, so dass wir wie zuhause sind. Man lebt wie in
737 2155 3275 2275 einem Luxembourg, nur unbeschränkter und mit besserer Bedienung.
732 2280 3295 2383 Ein paar wenige Leute haben wir kennen gelernt
728 2440 3420 2559 meist Deutsche, die in Brasilien oder Argentinien leben und nun auf
741 2518 3450 2675 Urlaub in die Heimat kommen: so ein Legationsrat von Freytag (Neffe
720 2688 3506 2833 der "Deutschen Vergangenheit"), – einen Beamten von Siemen – Schuckert, –
727 2814 3541 2939 Wiener und nun seit 16 Jahren in Brasilien, u. andere mehr. Der Kapitän
730 2942 3415 3086 Sachse, an dessen Tisch wir sitzen, Sorte; gutmüthiger Menschenfres-
725 3065 3410 3196 ser.– Ferner kennen gelernt einen Schriftsteller aus Buenos Aires,
735 3191 3507 3349 der Lothar übersetzt (und auch so aussieht); einen berühmten Schrift
736 3328 3296 3441 steller aus columbia, der Grillio heisst und dessen Name ich nie
728 3446 3323 3602 gehört (und der nie eine Zeile von mir gelesen hat); einen einst
713 3585 3435 3726 berühmten Cellisten Bloer, der jetzt wie es scheint eine Art grosser
730 3735 3398 3842 Unternehmer ist - und eben im Konversationszimmer ein kleines Kon¬
728 3843 3327 3999 zert gegeben hat.- Aber meist bin ich mit Lili oder allein, laufe
724 3996 3458 4138 um das Promedadedeck, sitze in der Sonne (die nur wenig wärmt), lese,
713 4123 3419 4292 beschäftige mich mit meinen Skizzen (nicht erheblich). Ich befinde
