2806 3370
494 350 1114 510 A.S. an H.v.H.
505 498 2512 600 viel "ganz anderes" ich esse. Die hiesige Eintei¬
495 643 2404 754 lung 12 Uhr Dejeuner,7 Dinner,9 Theater, behagt
489 773 1379 896 mir ausserordentlich.
493 917 2566 1031 Schöne Radpartien? z.B. fahren Sie von der Tini aus
492 1047 2580 1180 über Heiligenkreuz - Alland - Neuhaus (bei Nöstach?
511 1181 2537 1319 - Pottenstein - Vöslau. Oder: Rohrerhütte - König¬
509 1321 2545 1471 stetten (sehr bergig,schieben!) - Tulln, dann an der
516 1467 2601 1565 Vonaus zurück nach Klosterneuburg. Sehr hübsch aus
504 1578 2579 1748 die kleine Tour Tulln-Stockerau. Oder - Rekawinkel-
489 1738 2590 1881 Hütteldorf (Westgahnstrecke). Gder: Wiener Neustadt.
488 1875 2498 1974 Reichenau.- Ich freue mich sehr, wenn wir zusammen
504 2012 2486 2147 fahren werden. Wie lang bleiben Sie denn in Wien?
495 2171 2443 2298 Und wie wird heuer der Sommer werden? Ich möchte
479 2309 2529 2442 so gern zum arbeiten kommen; hier spiele ich höch¬
501 2461 2570 2568 stens mit Planen; aber möglicherweise ist mir durch
548 2588 2424 2697 ein merkwürdiges Zusammenfliessen zweier
496 2708 2558 2853 Pläne, worunter einer der mit der Minnie, etwas gutes
504 2853 2385 2977 eingefallen.- Den Götterliebling hoff ich ganz
500 2971 2368 3121 fertig anzutreffen. Bei dem Stück von Hirschf.
