3771 4622
637 233 1084 410 30.6.1931.
644 397 1773 606 auch gar nichts mehr nützt.
634 570 3466 727 Zwei Karten an Harry abgeschickt, Gestern Abend mit Thea Graf tolofo-
649 679 3421 860 niert, mit der er in den letzten Monaten sehr befreundet war. Sie tut
646 832 2007 1015 mir so leid. Mein Befinden elend.
631 946 3453 1146 2.7. Grosse Hitze. Mein Befinden mehr schlecht. Wenn ich in den Spie-
693 1125 3298 1255 gel schau muss ich weinen. Herzbeschwerden. Vormittag Globoeznik
2579 1194 2733 1287 fin
2317 1197 2432 1286 bis
645 1281 3467 1388 bei mir im Garten. Mittag Abschiedsessen für A. meini, Frieda auch
658 1371 3376 1509 da. Bat Heini beim Abschied keine gefährlichen Touren zu machen. Er
652 1508 2542 1669 gab mir verständnisvoll und herzlich die Hand.
662 1661 3316 1768 Nachmittag Tante Russo, dann zu Emmy Redlich. Abschiedsbesuche und
659 1736 3470 1933 Verpflichtungen nach allen Seiten. Elende Nacht. In der Früh Gespräch
655 1917 3484 2027 mit Dr. Selinger. Gestern Vormittag in der Stadt mich wiegen zu lassen:
652 2022 3488 2150 53.20. Nachmittag mit Gerty Hofmannwthal. Abend mit A., der mich holte,
651 2125 3409 2302 nach Mödling, Hayek, Vorderbrühl, genachtmahlt. Trostloser Abend. Sein
660 2295 3250 2417 Sohn mit Frau Claumer und Gesellschaft im Prater drahn; offenbar
657 2409 1918 2575 wär er lieber dort gewesen.- -
657 2531 3418 2701 3.7. Radiotelegramm von Harry. Er ist unterwegs. Heute etwas wohler.
665 2663 3343 2810 Vormitta brachte mich A. in die Stadt. Er kam wie ein Irreinniger
651 2780 3302 2950 erüber und erklärte, jetzt halte er es hier nicht mehr aus und er
671 2909 3521 3090 gene vielleicht vor mir schon auf den Semmering.-Ein paar Tage Allein-
3380 3033 3645 3184 Schreibung
646 3090 3447 3227 sein. Gut, gut, ich kann nicht mehr reden! Abend Marianne P. und ihr
664 3193 3304 3336 Cary und Magdi bei mir. Kalte Nachtmahl auf der Terrasse. Fühlte
648 3348 3362 3456 mich Marianne P. verpflichtet, weil sie Harry sehr gute Empfehlungen
703 3465 3454 3603 mitgegeben hat. A. rief um 11 Uhr noch an, als ich schon an allein war.
648 3611 2060 3716 Heini heute fort. Tropische Hitze.
661 3693 3376 3875 4.7. Vormittag Anna bei mir. Zusammen im Türkenschanzpark gegessen.
658 3885 3405 4025 Hitze abnorm, aber es kommt ein Gewitter. Sehr lieber Brief von
657 3990 3547 4119 Harry, noch aus Hamburg. Abend bei Wellecz, A. frischer und etwas freund-
667 4155 3507 4269 licher als sonst. Gerty v. Hofmannsthal spricht zu viel und zu monoton.
