3742 4674
2162 294 3108 432 Baden-B aden, 2.7.1924.
2459 448 2921 600 (nach Wien)
677 546 3336 736 Liebe, Schöne, Gute, heute Abend - in wenigen Stunden reise ich ab,
637 718 3370 825 hoffe morgen Mittag in Salzburg zu sein, habe H. Mann telegraphiert,
649 859 3308 978 dass ich schon Donnerstag da bin. Heini kommt Freitag, Montag Früh
646 971 3450 1130 dürft ich daheim sein. Die Geppräche vor allem über Lili waren tief-
637 1114 3455 1270 gehend und schwierig; im ganzen aber hoff ich fruchtbar; alles Nähere
617 1231 3421 1402 1 üsst sich nur mündlich berichten. Ich freue mich auf die Heimkehr.-
683 1370 3520 1502 Was Du von der Neuen freien Presse schreibst - überrascht mich nicht -
645 1487 3440 1633 das ist eben der Stil dieser Leute. Lass Dich's nicht bekümmern. Dass
645 1633 3517 1774 irgend ein retardierender Einfluss am Werk ist, scheint mir zweifellos.-
636 1775 3377 1893 Heut Morgen auf dem Weg zum alten Schloss (ich war oben bis zu den
3354 1783 3403 1921 .
607 1872 3327 2023 Zinnen) habe ich in Sehnsucht Dein gedacht. Montag Abend hoff ich
620 2013 2486 2194 sind wir zusammen. Tausend innige Küsse! Dein
3538 112 3616 271 22
