3690 4686
612 329 1251 498 An A.S. Berlin.
2457 293 3104 493 Wien, 6.12.1924.
618 524 1022 696 Liebster,
980 653 3255 812 heute Früh am Telefon hatte ich das Gefühl, dass Du recht
628 796 3207 933 gehetzt bist oder einen Anruf erwartet hast. Oder irre ich mich?
617 940 3378 1080 Ich freue mich jedesfalls, dass Du Dich wohl fühlst und die verschie-
613 1074 3323 1210 denen Besprechungen (so weit ich Dich verstand) doch zu Resultaten
648 1192 3347 1353 führen werden. Du solltest Elisabeth B. die "Hirtenflöte" zu lesen
611 1333 3265 1471 geben, ich glaube, da liesse sich mit ihr viel machen und sie hätte
594 1460 1987 1614 die vielseitigsten Möglichkeiten.
1082 1565 3374 1732 Gustav Schwarzkopf habe ich angerufen. Er war sehr lieb,
611 1733 3384 1865 sagte, mein Stück hätte einen sehr günstigen Eindruck auf ihn gemacht
607 1848 3249 1980 etc., wenn überhaupt in den drei prämierten Stücken sehe er in dem
601 2006 3282 2127 meinen Möglichkeiten, obwohl er sich an dem Hausgeist und der Ratte
613 2108 3300 2243 etwas stosse. Es käme natürlich auf die Inszenierung an. Ich sagte
610 2249 3334 2409 ihm, dass es eben ein Reinhardt in die Hand bekommen müsste, es stehe
574 2379 3241 2523 der "Peripherie" nicht so fern. Erantwortete: "Ja, da haben Sie das
570 2479 3408 2603 Richtige getroffen“ etc. Ich fahre jedesfalls um 5 Uhr zum Volksthea-
636 2639 3388 2746 ter das Stück abholen, vielleicht spreche ich dann mit Horch darüber.
602 2761 3409 2926 Ich habe auch an Herterich gedacht. Es wär halt die gute Rolle für die
594 2883 3033 3036 Wilbrandt drinnen. Jedesfalls werde ich allerhand versuchen.
1020 3040 3186 3173 Bei Paul Zsolnay bin ich am Vormittag gewesen. Er war
595 3168 3259 3294 sehr liebenswürdig, aber doch irgendwie säuerlich, wie Du es nennst.
594 3269 3360 3410 Er erzählte mir von Unannehmlichkeiten mit Géraldy, weil die Gedichte
601 3413 3359 3525 von Rockerot nicht eingezogen sind, sondern trotz angeblichen Verbots
584 3532 3318 3684 weiter verkauft werden. Es scheint Unwis senheit von Géraldy und In-
586 3683 3163 3815 korrektheit von Stock vorzuliegen. Von meinem Bändchen sind 500
585 3803 3336 3956 Exemplare bereits verkauft, was für Gedichte in so kurzer Zeit, wie er
595 3957 3346 4079 selbst zugibt, nicht so wenig ist. Dagegen habe ich noch keinen Knopf
575 4056 3315 4212 bezahlt bekommen. Es ist wirklich eine Schäbigkeit. Ich bin neugie-
574 4189 2368 4344 rig, ob ich im Volkstheater das Geld bekomme.
