3746 4638
1911 330 2707 457 St. Moritz, 30.7.1930
1893 430 3039 575 (nach Wien IX/Hochschulstr.)
671 554 3330 704 Mein liebes Kind, Dein Brief - er ist nun 8 Tage alt - ist gut und
648 678 3451 828 klug und ich hätte Dich gewiss nicht so lange auf Antwort warten las-
678 820 3337 981 sen, wenn mir das Briefschreiben nicht von Tag zu Tag mühseliger -
676 941 3407 1074 und im Grunde nutzloser erschiene. Ich muss mich doch immer wieder-
625 1059 3511 1213 holen und gegen ein gewisses continuirliches Misverstehen - das eigent-
628 1205 3555 1360 lich ein Misverstehen meines ganzen Wesens ist, bleibe ich doch machtlos.
645 1338 3322 1462 Immer wieder sprichst Du über das, was Du mein Verhalten nennst, als
666 1439 3311 1619 verfolgte ich mit diesem Verhalten einen Zweck, als å läge mir vor
619 1592 3506 1732 allem daran, insbesonders auch vor der Aussenwelt, meine Selbständigkeit,
621 1729 3352 1861 meine Freiheit zu betonen - ohne dass dieser Wunsch in meiner Natur
626 1856 3397 1994 begründet sei. Das ist ein Irrtum, mein Kind, mir liegt keineswegs da-
672 2012 3422 2172 ran meine relative Freiheit zu betonen - nicht vor Dir, nicht von der
627 2106 3301 2270 Welt - sondern sie zu besitzen; - so wie ich sie niemals misbraucht
621 2244 3378 2391 habe, so wenig habe ich jemals auf sie verzichtet. Aber so oft diese,
628 2393 3450 2529 trotz aller Zusammengehörigkeit weiterbestehende Einzelhaftigkeit mei-
606 2501 3340 2628 nes Wesens und meiner Existenz auch in der bescheidensten Weise zum
605 2660 3254 2805 Aundruck kommt (ich will mich nicht in Details verlieren); - immer
613 2768 3373 2880 gibt das zu Verdriesslichkeiten oder Schlimmerem Anlass für Dich und
591 2912 3423 3059 für mich. Heute schon sprichet Du in Deinem Brief davon, Du wür-
601 3007 3448 3147 dest mich, wenn ich im Oktober oder Dezember nach Berlin fahre, lächelnd
615 3174 3234 3309 zur Bahn begleiten - aber Du wünschtest zwei Monate programmloser
603 3300 3410 3442 Zeit - als wenn hier überhaupt ein Programm vorläge - und als dürfte
604 3428 3447 3597 ein solches Programm die geringste Kolle in unserer Beziehung spielen.
576 3517 3391 3708 Ob ich nun im Lauf des Winters ein oderzweimal nach Berlin fahre, xxx
708 3686 3449 3815 sei es um Heini oder um Olga oder um andere Freunde und Bekannte zu
591 3806 3460 3948 sehen - oder aus geschäftlichen Gründen. Du sprichst von Deinem Nerven-
573 3930 3390 4064 zustand, mein Kind - und Du darfst mir - trotz meiner kühlen Sachlich-
584 4046 3322 4253 keit glauben - dass es mir weh tut, wenn ich Dich leiden sehe. Aber
