3787 4803
597 299 1263 454 Tgb. 14.6.1929.
616 398 3323 578 15.6.1929. Mittag Harry, Mädi, Cary, Marti zu Tisch. Herry empörend, sein
602 542 3316 687 Ton gegen die Braut grotesk,gegen Magda ungezogen. Magdi sitzt starr
613 719 2449 813 mit weita fgerissenen Augen,bereit zu weinen.
610 807 3493 961 Diese Verlobung macht mir keine Freude, es ist gut, dass wir Übermor-
608 963 1811 1120 gen auf den Semmering fahren.
627 1090 3333 1236 Abend fader Film "Parade", dann im Prater genachtmahlt.A. sehr lieb.
651 1224 1893 1344 Ich habe leider Zahnschmerzen.
616 1427 3373 1558 16.6. Vorm. bei A. Nachm. eingepackt. Abend mit A., Frieda und Bruder
602 1541 3518 1670 bei "Komödie der Worte" mit Bassermana, in einer Loge. Herrliches Stück,
600 1660 3336 1840 herrliche Besetzung, wirklich grosses Vergnügen! In der Loge nebenan
611 1793 3440 1983 Bürgermeister Seitz, der A. abfing, um ihm Liebenswürdigkeiten zu sagen.
616 1965 3445 2074 Nachher bei Prohaska im Prater genachtmahlt. Sehr gemütlich trotz mei-
611 2080 1385 2235 ner Zahnschmerzen
622 2245 3491 2430 17.6. Muteste mir den Zahn reissen lassen. Recht unangenehm. Fühle mich
613 2376 3367 2540 gar nicht wohl. Nachm. Frieda. Einen Brief an die Neue fr. Presse Dr.
658 2539 3346 2671 Wertheimer diktiert wegen der Verstümmelung meiner Novelle. Frieda
615 2686 3336 2820 sagt mir,A. habe noch nie in so liebevollen und begeisterten Worten
629 2784 3498 2939 von mir gesprochen als jetzt. Er komme immer mehr auf meine guten Eigen-
626 2931 2019 3082 schaften u.s.w. Ich bin sehr froh.
616 3047 3298 3169 Am Abend mit A. noch am Cohenzl genachtmahlt. Bin merkwürdig müde.
613 3191 1769 3336 Fertig gepackt. Morgen Früh!
619 3349 3253 3478 21.6. Semmering. Seit ich hier bin liege ich krank zu Bett.Einige
621 3509 3303 3677 Stunden nach Ankunft Fieberschauer, dann durch 2 Tage und mächte um
617 3660 3334 3779 39 herum. Heute endlich fieberfrei. A. ist rührend zu mir. Dr.Ender
630 3776 3506 3936 zweimal im Tag. Schwere Angina mit argen Schmerzen. Schad um das schöne
622 3900 3314 4026 Wetter und all die verlorenen Stunden. Was kann man tun als Geduld
611 4056 2771 4196 haben. Mir war all die Tage zu elend, um zu schreiben.
612 4157 3426 4312 Nachm. Fieber wieder gestiegen. Ich habe ein höchst unbehagliches Ge-
628 4314 3539 4415 fühl. A. ist so lieb und herzkg. Jeden Augenblick bringt er was anderes
685 4423 3456 4577 angeschleppt. Blumen, Früchte, Cognac, Bonbons. Ich bin froh, dass er Ge-
3534 110 3678 279 2b
