3770 4634
632 288 1274 452 Tgb. 3.11.1929.
670 487 3415 628 5.11. Heute hat man ihm zur Ader gelassen. Ich war am Abend bei ihm.
618 629 3403 761 Er war so müde, dass ich ihm die Schuhe aufknöpfelte und auszog, damit
629 768 1754 927 er rascher ins Bett konnte.
624 976 3431 1112 6.11. ohne Mädchen. Siekist angeblich hier rheumatisch geworden. Habe
656 1083 2386 1257 wahnsinnig viel zu tun und sehe elend aus.
620 1290 3438 1429 20.12. 10.Uhr abends. Ich habe wochenlang nicht eingeschrieben. Meine
634 1422 3496 1555 innere Zerrissenheit zu gross. Morgen Première "Spiel der Sommerlüfte".
608 1524 3550 1683 Mittwoch bei der ersten Kostümprobe. Heute bei den Generalprobe. Nachher
621 1661 3421 1813 mit Hofrätin Z., A., Beer-Hofmann, Moissi und Termin im Grand Hotel. Ich
617 1784 3424 1933 glaube an einen Erfolg und wünsche ihn aus tiefstem Herzensgrund. Die
626 1956 3360 2065 Stimmung des Publikums war in der heutigen Probe schon sehr gut bis
652 2061 3521 2223 auf einige feindlich Gesinnte: Ernst Lothar und Trebitsch. waren schon
633 2170 3309 2303 vorher entschlossen das Stück nicht gut zu finden. Je mehr ich die
614 2341 3538 2464 Intellektuellen in der Nähe sehe, desto mir bin ich angeekelt. Nie früher
607 2476 3308 2573 habe ich so viel Bösartigkeit, Unbeständigkei und Bestechlichkeit
607 2573 3363 2707 getroffen. Ich hab Ausreissgelüste. Es ist alles so schwer für mich.
607 2730 3550 2864 Es war eine so trübselige Zeit. A.'s physische und psychische Verfassung
584 2818 3534 2956 xxx machen Rücksichtnahme nötig, die oft über meine Kraft geht. Man muss
603 2968 3560 3091 jede Verletzung hinnehmen: zeige ich die kleinste Verstimmung, so sind unabseh-
610 3124 3519 3253 bare Szenen die Folge. Und gleich nach Weihnachten fährt er nach Berlin.
610 3238 3414 3392 Seit wir von Territet fort sind war kein wirklich guter Tag und trotz
606 3362 3457 3522 allem fühl ich jede Freude und jedes Leid mit ihm. Er hat schon keinen
600 3505 2291 3654 Menschen auf der Welt, der so zu ihm steht.
608 3625 3412 3787 Ist es eigentlich nicht unerhört, dass der Sohn nicht zur Première des
607 3732 3364 3896 Vaters her kommt? Wahrscheinlich lässt ihn die O. nicht her, damit er
615 3907 3527 4035 nicht die Reise nach Berlin aufschiebt. Ich höre, sie hat wieder Schulden
607 4000 1648 4162 gemacht und braucht Geld.
