3747 4610
463 333 681 470 1928
454 458 792 605 Oktober
480 590 3369 730 vernehmen. Er sieht so elend aus (Blasenbeschwerden), ist so nervös, dass
476 692 3328 880 ich mir Sorgen mache. An diesem blossen, verfallenen Gesicht zerscheilt
466 857 947 1016 mein Groll.
480 999 3361 1153 Harry benimmt sich riesig lieb gegen mich, hilft mir so gut er nur kann.
474 1114 2929 1231 Ist überhaupt seit Wochen ein Anderer, bin sehr froh darüber.
468 1229 3330 1410 Keine Zeit einzutragen. Sinke jede Nacht wie zerbrochen auf mein Bett.
472 1423 2482 1542 A. sieht besser aus, freut sich aufb meine Wohnung.
482 1531 3326 1661 13.11. Und jetzt die letzte Nacht in dem Haus, in den ich geboren bin.
492 1635 3328 1776 Ich komme eben von einem pompösen Abendessen bei Ferda. Um 5 Uhr stand
475 1764 3337 1912 ich noch am Boden zwischen Trödlern und Packern, die letzten Trümmer von
488 1895 3461 2046 einst verschachern, abgehetzt und übermüdet. Um 8 Uhr war ich bei Ferda im
484 2023 3283 2192 Eoru-Spitzenkleid und alle fanden mich verblüffend gut aussehend. Wer
488 2170 1369 2315 sieht in mich hinein?
472 2306 3297 2445 Hier habe ich zum ersten Mal die Augen aufgeschlagen, hier begann mein
466 2437 3332 2581 Leben. Wo wird es sich vollenden? Wird das, was jetzt kommt, ein ruhiges
471 2572 1053 2707 Glück sein? -
1637 2637 1799 2737 eher
486 2680 3404 2814 Ich blicke in dieser Stunde zurück als vorwärts. Eltern, Grossvater,
487 2838 3005 2967 wie nah seid Ihr mir und wie danke ich Euch für alles - alles.
484 2963 3480 3119 17.11. Aus Schmutz und Arbeit schält sich das Wunder meiner neuen Wohnung.
484 3082 3295 3243 Drei Tage hier und ich nahezu fertig. Ich habe täglich von 7 Uhr Früh
494 3204 3371 3391 bis 11 Unr Abend gearbeitet. A. gestern für 1-2 Tage auf den Semmering.
490 3341 3426 3479 Ich war sehr froh alles ungestört fertig machen zu können. Er wird Augen
492 3496 804 3602 machen.
500 3597 3347 3728 18.11. A. zurück. Sehr begeistert. Vormittag bei mir. Am Abend ich bei
484 3742 2654 3867 ihm. Kinder und Geschwister von der Wohnung entzückt.
489 3867 3455 4041 19.11. Fader Abend bei Wellesz mit Frau Bachrach, Frieda, Mimi Zuckerkandl.
495 3997 2617 4131 So viel Aufwand für diese Langeweile. Ich sehr müde.
3497 110 3623 297 169
