3726 4662
2159 185 3172 328 Celerina, 13.8.1924.Früh.
2166 301 2865 434 (hach Selisberg).
576 410 3363 543 Liebstes, eben Dein Brieferl vom 11. mit dem vierblättrigen -schönsten
529 537 3320 653 Dank Und die Geschichte Deines Abenteuers, das Du -vorsichtig -gleich
550 641 3363 811 Dein "erstes" nennst (Villard kenn ich übrigens, sehr schön, in der
598 784 3524 921 Nähe des Genfersees). - Ich hingegen hatte gestern einen stillen, arbeits-
609 922 3349 1057 versunkenen Tag. Vormittag im Wald; Nachmittag in meinem Zimmer. Am
566 1083 3528 1222 Weiher ist doch mehr zu tun als ich gedacht; die Verse sind höchst
557 1207 3498 1324 ungleich. Auch mangelt es an Klarheit in einzelnen Szenen. Ich habe viel
553 1322 3336 1468 notiert: wo es nicht stimmt weiss ich nun ganz genau. - Abend kam im
564 1461 3285 1609 Auto der Baron Alfred Winterstein (mit Dumbas, die Du gewiss kennst)
562 1585 3426 1728 an. Ueberdies gab es im Kino, das ich selbstverständlich nicht ausliess:
559 1701 3379 1858 ein Kletterfilm, nach der Natur aufgenommen - sehr aufregend, obzwar man
561 1861 3403 1993 ja ziemlich sicher sein konnte, dass den Leuten nichts geschehn würde.-
554 1970 3480 2110 Oh Du Kind - mit Deinem irrenden Gefühl, dass ich Dir "ferner rücke", weil
552 2108 3457 2269 ich viel mit andern Menschen zusammen bin. Kennst Du mich noch immer so
563 2260 838 2364 wenig?
555 2381 3448 2516 Ich fahre heute nach Chur, bin aber wahrscheinlich schon am frühen Nach-
553 2529 2305 2632 mittag zurück und stürze mich in den 3.Akt.
555 2667 3288 2799 Nachgesandte Post aus Wien; - alles beim alten. Von Herterich keine
553 2768 3362 2896 Nachricht.- Fischers kommen Montag aus Waldhaus Flims herüber - er hat
555 2906 3250 3023 gestern geradezu zärtlich telefoniert. Leb wohl Liebstes, sei innig
555 3043 1016 3204 umarmt von
1519 3030 1995 3181 Deinem A.
1654 3174 1941 3309 -- — — —
3510 85 3614 237 91
