3678 4667
2900 478 3265 628 7.8.1925.
1192 620 3246 756 Nun muss ich mich aber zu Tisch umkleiden. Ich bin
655 761 3292 906 m체de und hungrig. Ich werde Carli Herrn Felsenberges Gesellschaft
668 904 2277 1036 체berlassen und sehr bald schlafen gehen.
1165 1025 3304 1166 Vielleicht bringt die Abendpost mir noch einen Brief
672 1132 1770 1310 von Dir, ich w채re sehr froh.
1165 1276 3304 1418 Was Du wohl heute getan hast? Ob Deine Gedanken viel
693 1400 1884 1564 bei mir waren? Ich glaube ja!
1216 1515 2040 1697 Ich k체sse Dich sehr.
1483 1677 1737 1798 Deine
1688 1798 2375 1934 Clara Katharina.
3405 116 3584 332 190
