3746 4638
612 248 1310 422 1Tagb. 12.8.1930.
604 504 3458 609 A. Versuch mit unendlicher Liebe und Güte zu ihm zu sprechen, ihm diese
607 609 3534 722 verflossenen Wochen zu schildern. Es prallt alles ab. Er erklärt gleich-
604 708 3418 860 zeitig, daß er mich nicht missen kann und dass er frei sein will. Ich
593 882 3447 1022 halte alles für krankhaft. Es ist so jammervoll, wenn man dieses grau-
601 987 3336 1126 blasse Männchen um Freiheit schreien hört. Er verwüstet sein Leben,
617 1096 3388 1259 wie er mich, wie er unsere Beziehung verwüstet hat. Ich hatte solches
600 1265 2273 1389 Mitleid mit ihm, dass ich ihn streichelte.
617 1395 3460 1544 13.8. Heute Früh teilt er mir mit, dass er die Clauser und ihre Schwes-
605 1538 3372 1683 ter zu Abendessen eingeladen hat. Mich ladet er nicht ein, obwohl ich
613 1674 3348 1812 doch mit der Clauser in Verkehr bin. Ist das Bösartigkeit, um mir zu
617 1797 3449 1928 beweisen, dass alles, was ich gestern sprach, ihm keinen Kindruck gemacht
602 1904 3401 2063 hat, oder ist das nur krankhaft? Ich habe gar nicht reagirt, kein Wort
607 2082 3450 2199 gesagt. Fort kann ich jetzt nicht, so heisst es, die Zähne zusammenbeis-
619 2170 3372 2285 sen. Um ½12 zirka rief er an, ob er mich in die Stadt bringen soll, er
607 2284 3378 2454 fahre zur Manikür, da er sich alle Nägel abgebrochen hat. Ich
608 2453 3263 2583 antwortete, dass ich gar nichts in der Stadt zu tun habe, daß ich
606 2562 3351 2706 aber, wenn er nur wegen der Nägel hineinfährt, sie ihm selbst richten
611 2672 3411 2840 könnte. So kam er herüber. Ich hatte schon alles vorgerichtet und gab
619 2823 3459 2992 mir grosse Mühe es gut zu machen. Er sprach ganz Gleichgültiges, zeigte
588 2971 3341 3094 mir an seinen Kleidern, wie er abgenommen hat (es ist erschreckend):
651 3081 3462 3274 dann küsste er mich flüchtig auf die Stirn, sagte "Danke" und "Auf mor-
607 3221 1207 3370 gen" und ging.
606 3333 3485 3467 14.8. Gestern Abend über eine Stunde mit Dr. D. gesprochen. Er behauptet
610 3495 3367 3626 A.'s Zustand sei nicht kraukhaft und A. habe vielleicht wirklich das
589 3601 3291 3740 Bedürfnis sich frei zu machen. Ich sagte, dass ich ihn daran gewiss
607 3720 3285 3921 nicht hindern würde, sein Benehmen aber mache auf mich den Eindruck
595 3893 3244 3997 einer Verkrampfung, um sich theoretische Freiheiten zu sichern und
605 4000 3203 4189 sie in einer kindischen Weise praktisch zum Ausdruck zu bringen.
596 4153 3302 4329 Schliesslichbsagte ich D. das Wichtigste sei A. gesünder zu machen.
