3755 4618
2591 277 3279 423 21.7.1930. Bl.2.
634 453 3410 581 Und so sehr ich mich einem Wiedersehen mit Dir entgegenfreue, so wäre
606 609 3282 748 es doch wieder eine Unwahrheit, wenn ich heute schon sagte, dass ich
592 742 3289 880 Sehnmucht empfinde. Duweisst ja, mein Kind, ich habs Dir ja nie ver-
1014 833 1492 925 wie oft mich
631 868 3447 1015 schwiegen, in allen möglichen Perioden meines Lebens ein Be-
573 1006 3357 1127 dürfnis des Alleinseins, des Losgelöst eins, ja geradezu des Getrennt-
598 1107 3370 1266 seine von den Menschen, die mir am nächsten standen oder stehen, Über-
600 1266 3430 1409 kommt. Und so wird es Dich nicht wundern, wenn ich Dir gestehe, dass mir
596 1409 3483 1554 bei allem Empfinden von Zusammengehörigkeit diese Wochender Entfernung-
600 1515 3480 1634 - wie Dir gewiss auch - beruhigend gewesen sind, und, und dass ich xxx erst
636 1653 3455 1787 nach dem zehnten August, vorausichtlich direct von hier nach Hau-
605 1793 3439 1930 se zu kommen gedenke - eventuell auch dorthin, wo Du Dich zu diser Zeit
603 1919 3386 2031 aufhalten sollltest - ohne Deine Entschlüsse beeinflussen zu wollen.
597 2056 3345 2174 Und ich bitte Dich, mein Kind, sage nicht und vor allem glaube nicht,
595 2184 3475 2308 dass ich es aus irgend einer Absicht der "Selbstbewahrung" vermeide, gute
599 2291 3347 2430 und warme Worte zu wählen.- Ich weiss nicht, ob diese hier - gut oder
581 2439 3236 2538 warm sind; - klar und einfach sind sie gewiss - und ich bin mir im
582 2581 3241 2701 tiefsten bewusst - Dir, Du Liebe, der ich so viel zu danken habe, in
577 2705 3386 2848 diesem Augenblick so innig nah zu sein, als ichs jemals gewesen bin, ob
580 2815 3303 2933 Du es nun Liebe oder Freundschaft nennen willst, was uns verbindet.-
606 2951 3376 3093 Ich will diesem Brief weiter nichts Konkretes beifügen, berichte nur,
589 3076 3398 3193 dass ich mich nach etlichen, nicht sehr guten Tagen recht wohl befinde
575 3180 3348 3324 und wünachte sehr von Dir, am liebsten vorerst durch ein Telegramm zu
582 3336 3312 3487 erfahren, wie Du in Wien angelangt bist und wie du Dich befindest.
592 3491 2008 3620 Ich grüsse Dich tausendal. Dein A.
1795 3600 2059 3746 is-
