3759 4674
2196 235 3000 418 Adel boden, 5.8.1926.
2252 400 2743 528 (nach Wien)
550 509 3332 717 Mein Liebes, dies ist wohl der letzte Brief nach Wien - den nächten,
563 694 3331 845 wenn indess keine andere Nachricht kommt, adressiere ich Zürich poste
587 812 3236 977 restante. - Ich selbst verlasse mit Heini wahrscheinlich am 11.8.
553 944 3243 1107 Mittwoch Adelboden, und fahre mit ihm entweder nach Bern oder (was
572 1066 3343 1242 von einem telefonischen Gespräch mit Julius abhängen wird) nach Kan-
549 1232 3413 1357 dersteg. Am Samstag kannst Du jedesfalls noch einen Brief express hie-
564 1368 3341 1484 her schicken. Die nächste Adresse theile ich eventuell telegraphisch
574 1476 3427 1646 mit. Wenn nicht bitte ich Dich jedesfalls Montag xxx nach Bern poste
577 1629 3454 1750 restante zu schreiben. Wo wir, Du und ich zusammentreffen, resp. zusammend
571 1744 3379 1908 bleiben werden, machen wir wohl am besten vom Wetter abhängig: - indes
583 1887 3353 2020 habe ich mich bei mehr oder minder Eingeborenen erkundigt - und insbe
586 2007 3260 2187 sondere von gewissen Orten am Thunersee ("unsere Riviera") - und von
575 2166 3416 2323 Montana gehört. Auch das ist in wenigen Stunden von Bern zu erreichen.
569 2271 3313 2430 Gegen Deine Kopfschmerzen versuch doch Algocratin, das mir gegen die
592 2417 3338 2554 neuralgischen Ischiasschmerzen geholfen hat, wenn Eyramidon versagte.
582 2554 3292 2682 Könnte nicht auch die nicht mehr ganz korrekte Brille schuld sein?
585 2688 3309 2806 Das oft überraschend wirkende Hausmittel der heissen Fussbäder hast
612 2802 1689 2975 Du wohl schon versucht? -
584 2905 3390 3063 Nach ein paar schönen Tagen wieder Regen, Nebel u.s.w. Gestern auf dem
587 3059 3329 3185 Weg zum "Hahnenmoos" die erste Bergpartie (sehr milder Art), die ich
629 3202 3324 3343 wagen wollte, 2 1/4 Stunden - mus ist ich wieder umkehren. - Umso besser
594 3309 3114 3457 gehts an dem Roman weiter; den ich Seite für Seite durchfeile.
586 3484 3249 3625 Sämtliche Damen reisen zugleich von hier ab; - Frau K. und Tochter
585 3557 3480 3733 nach Silz Maria; O. und Lili nach Venedig, wenn, wie nicht zu bezeifeln,
591 3725 3239 3854 günstige Antwort von dort eintrifft.- Hast Du Deine liebe Absicht
601 3864 3432 4004 ausgeführt und Dir den Stand der Arbeiten in meiner Wohnung angesehen.
605 3997 3401 4143 Frau v.Kl. schreibt, die Ungemüthlichkeit übersteige alle Erwartungen.
598 4105 3404 4240 Also schau Birs lieber gar nicht an, damit Du einen nicht zu schlimmen
599 4232 3491 4387 Eindruck mitbringst.-Dass es mit der Grinzinger Alle nichts war wundert
600 4394 1080 4555 mich nicht.
