2793 3358
1841 396 2085 502 März? 1896.
857 711 1955 865 Sehr geehrter Herr Doktor!
531 908 2464 1025 Endlich ist »Mimi« fertig und ich sende Ihnen
339 1060 2505 1173 dieses Sorgenkind mit den besten Grüssen. Ich erwarte
345 1173 2369 1285 Ihr Urteil mit der grössten Spannung und Ungeduld,
344 1344 2384 1448 denn es hängt ja so riesig viel davon ab. Wenn Sie
328 1460 2496 1570 mein kleines Buch gut finden – für druckreif erklären
351 1596 2417 1709 – so bedeutet es ja für mich ein Stückchen Freiheit
340 1731 2446 1828 und noch mehr - - Ich bitte Sie, mir die Antwort nur
347 1842 2491 1959 durch Arthur Klein zu senden und sage Ihnen im voraus
350 1976 856 2091 vielen Dank.
989 2085 1663 2230 Bestens grüssend
1626 2228 2073 2388 Clara Loeb
