3690 4694
3054 106 3321 320 1751.
595 298 1242 457 An A.S., Berlin.
2205 298 2891 456 Wien, 28.12.1928.
596 499 985 632 Liebster,
956 656 3283 782 ich bin erst nach 8 Uhr von der Alma nach Hause gekommen,
599 786 3283 920 habe genachtmahlt und will Dir nun rasch meine Impressionen schil-
587 917 3443 1056 dern, so lange sie noch frisch sind. Ich habe noch nie eine so komische
610 1041 3392 1182 Mischung von Boheme und Kleinbürgerlichkeit gesehen. In dem schmalen,
615 1159 3306 1299 etwas schlamperten Vorzimmer stürzte ein Mittelding zwischen Diener
2302 1262 2498 1358 mir.
595 1306 3402 1427 und Groom freudegrinsend auf mich zu, half mich ablegen und schob mich
601 1404 3362 1540 in ein Zimmer, wo mich Werfel erwartete und mir eine Entschuldigungs-
595 1574 3438 1710 rede wegen der Gedichte halten wollte. Ich erklärte ihm, ich sei xxx
583 1691 3355 1854 nicht böse. Alma tauchte einen Augenblick in einem unmöglichen niel-
589 1808 3177 1946 grünen tiefdecolletierten Teagown auf, begrüsste mich mit grosser
592 1931 3340 2093 Herzlichkeit und hoffte mich später zu sehen. Diverse Mäntel im Vor-
594 2081 3298 2221 zimmer hatten mir Gäste verraten, die ich später zu sehen bekam. In-
627 2194 3258 2365 dessen sprach Werzel lang mit mir über meine Gedichte, von denen er
583 2339 3338 2475 sagte, dass sie ihm, je öfter er sie liest, desto stärker berühren, d.h.
578 2454 3332 2578 eine Anzahl von ihnen. Die, die ihm nicht gefallen, sind alle aus frü-
572 2596 3386 2755 heren Zeiten und ich verstand sehr gut, was er meinte und mir gefallen
575 2748 3297 2866 sie auch nicht mehr. Gut sind mit wenigen Ausnahmen nur die, die ich
577 2854 3371 3002 im Zusammenhang mit Dir gemacht habe, oder vielmehr in den glücklichen
576 3003 3271 3139 und unglücklichen Stimmungen der letzten Jahre. Er sagte aber, dass
567 3133 3342 3259 man auch bei den schlechteren Gedichten die starke lyrische Begabung
570 3250 3289 3400 spürt, sie seien alle musikalisch und stark empfunden, nur sprachlich
538 3384 3363 3530 oft abgegriffen und banal. Ich muss ihm Recht geben. Von den späteren
562 3495 3270 3646 Gedichten findet er manche vollendet, besonders die "fraurigen" aus
557 3639 3345 3780 Gardone (Ort und Datum stehen nicht dabei). Er riet mir sehr viel Ge-
2397 3742 2582 3822 noch
549 3763 3363 3943 dichte zu schreiben, denn er glaubt, dass ich damit Bedeutendes leisten
590 3898 3394 4053 könnte und ich solle es ihm zu lesen geben oder vorlesen, wenn ich et-
548 4043 3357 4169 was fertig habe und er hofft, wir werden uns jetzt oft sehen und spre-
552 4181 3292 4301 chen. Ich hatte ein gutes Gefühl nach diesem Gespräch und glaube an
