3742 4674
1988 345 3236 529 Baden-Baden, Waldparksanatorium,
2385 467 2467 560 19.
605 618 3371 791 Sei nicht böse. Lieber, wenn ich heute nur wenig schreibe, aber ich habe
605 741 3335 925 eine schreckliche Reise hinter mir. Wegen der französischen Besetzung
566 866 3303 1046 war ich von gestern Mittag bis heute 9 Uhr unterwegs, kan um Mitter-
1511 973 1760 1050 hatte
547 1032 3416 1156 nacht nach Karlsruhe und erst heute Früh Anschluss. Es war sehr aben-
566 1127 2321 1285 teuerlich und ich werde mündlich berichten.
561 1245 3285 1413 Hier erwartete mich mein vorjähriges Zimmer und Rosen von Dr.Heinz-
555 1403 3311 1566 heimer. Ich legte mich gleich zu Bett und stehe vor Abend nicht auf.
556 1536 3348 1675 Ich liege still und müße da, schlummere manchmal ein wenig oder blicke
541 1676 3308 1834 in den Garten hinaus und denke an Dich.- Hoffentlich kommst Du bald!
543 1806 3277 2006 Ich freue mich schon sehr. Morgen schreibe ich wieder einen langen
535 1925 3230 2095 Brief. Heute nur vielen Dank für den Deinen, der vor meiner Abreise
546 2072 3360 2241 von Weimar kan. Ich bin sehr froh, dass Du mit Deiner Arbeit zufrieden
537 2131 3262 2346 scheint und bin schon neugierig über alles mit Dir zu sprechen. Ich
558 2325 3340 2486 möchte Dir gerne noch vieles sagen aber ich kann heute nicht. Es ist
536 2444 3446 2557 eine grenzenlose Erschöpfung in mir. So se de ich nur meine Gedanken,
511 2554 2302 2751 die sehr lieb und warm sind. Fühlst Du das?
1499 2718 1768 2835 Deine
1749 2836 2437 2999 Clara Katharina.
3473 97 3614 299 43
