3758 4674
2368 255 3104 418 1.8.1926 Bl. 2.
583 471 3451 580 nicht in diesem Hotel. Aber es wimmelt von Hotels, Pensionen "für besse-
656 615 3504 741 re Leut, die was arm" (oder wenigstens sparsam) sein". Ein Maler sprach
598 720 3268 854 mich an... er möchte gern über "literatur" mit mir reden und eine
599 853 3344 1017 Skizze von mir machen. Ich lehnte ab (höflicher als neulich im Kino
611 995 1967 1135 gegenüber jenem Autografenmädel) -
594 1118 3445 1264 Mit Heini will ich ein paar grössere Ausflüge machen; - Kandersteg werd
643 1262 3444 1389 ich vielleicht als Autopartie absolvieren (etwa 1 1/4 Stunden);
601 1404 3477 1538 ob wir (wenn überhaupt) Zermatt an den Schluss des Aufenthaltes setzen,
591 1497 3457 1625 lässt sich heut noch nicht entscheiden; - es wäre immerhin denkbar, dass
639 1657 2813 1805 wir (Du und ich) in Bern miteinander zusammentreffen.
592 1756 3280 1951 Gestern mein Liebes, hatte ich keine Nachricht von Dir -hoffentlich
591 1912 3431 2060 bringt mir der heutige Tag ein Zeichen Deines Wohlbefindens und Deiner
584 2062 3431 2223 Zärtlichkeit. Und nun mein Liebes, wandere ich mit innigstem Deingeden-
578 2173 2216 2359 ken ins Freie und küsse Dich tausendmal.
1699 2304 1928 2458 Dein
1900 2445 2029 2595 A.
1742 2665 1997 2824 - - -
3481 95 3580 294 3.
