3759 4658
2420 403 3171 576 18.10.25. Bl. 2.
767 544 3344 717 Heini; der indessen mein Stück gelesen hatte und mir zu Jessner
747 651 3346 831 rät, - vor allem wegen Krauss. - Die Nachmittagsstunden widmete ich
738 793 3329 940 den "Schwestern" - um für die heutige Unterredung mit Barnowsky
736 926 3375 1064 gerüstet zu sein. Er möchte die Komödie ohne Pausen spielen (sehr
718 1035 3395 1219 richtig); doch vorher einen andern Einakter von mir (zu Beginn des
735 1168 1748 1340 Abends) (Komtesse Mizi).
735 1326 3293 1445 Im Schauspielhaus. Première des Grabbe'schen Hannibal: Jesener
700 1445 2877 1590 hatte mich in seine Loge geladen, wo ich der Vorstellung
774 1587 3410 1745 Seite seiner Gattin beiwohnte. Er selbst (nur auf Minuten da) war
735 1704 3378 1839 von grosser Liebenswürdigkeit; - und in der ersten Minute sagte er
725 1847 3305 2001 dass er vor allem eine Rolle für die Lossen brauche; ich
772 1981 3304 2080 deutete die Existenschaft gegenommen, wenn auch auf, er das von
770 2095 3309 2223 Montag in die Intendanz.- Der Instenierungserfolg und der per-
775 2249 3344 2350 sönliche Erfolg von Jessner, - sowie Krauss war ausserordentlich.
777 2386 3465 2517 (Das ist wirklich ein grosser Schauspieler.) - Von Heini sprach J.
778 2497 3496 2614 fast wie von einem persönlichenen Schutzbefohlenen; - seine Beliebt¬
729 2651 3428 2748 heit ist allgemein; und sein Erfolg im Stück seines Vaters scheint
732 2741 3514 2903 den Leuten eine besondere Genugtuung zu bereiten.- Im Theater sprach
732 2894 3457 3006 ich Kerr und Frau, Bettina, die seit ein paar Tagen wieder hier lebt
775 3027 3377 3190 (und mir Grüsse an Heini auftrug, - der über ihr Hiersein erstaunt
784 3152 3312 3315 war), - Paul Goldmann, mit Tochter die zum Theater geht.- Nach
718 3255 2764 3404 dem Theater nachtmahle ich mit Heini im Esplanade.
704 3416 3411 3536 Gestern hatte ich Deinen kurzen Brief vom 16.- so scheint also aus
765 3536 3580 3659 dem Miether-Angelegenheit nichts zu werden - was mir eher sympathisch
731 3690 3270 3813 ist - Habe Geduld, mein Kind; - ich bin überzeugt, dass sich eine
772 3788 3094 3927 günstigere Lösung finden wird, wenn Du nichts überstürzt.-
707 3953 3488 4072 Aus der Sternwartestrasse habe ich nichts gehört. Da O., wie mir Heini
722 4085 3451 4193 sagt, zirka 25. hier sein will, sehe ich sie jedesfalls noch in Wien.-
