3782 4638
2730 179 3120 356 3.7.1930.
2753 341 3103 479 Bl. 3 a
555 567 3299 684 empfange, ich möcht ein ander Mal vorbeikommen etc. Ich muss noch eine
562 672 3239 811 Stunde warten, dann habe ich die Karte in der Hand. Ich rase in der
507 815 3320 935 Mittagshitze zum Kaiserbad, um mir noch ein Bad für morgen zu sichern,
508 937 3361 1037 die Kasse leider schon zu. Ich lande etwas müde und hungrig gleich da-
534 1074 3402 1214 neuen bei Supp. Da ich das mit der Freikarte erreicht habe, kann ich mir
507 1211 3284 1343 schon ein ordentliches Mittagessen gönnen: Naturschnitzée mit Salat,
560 1307 3311 1491 Zitrone statt Essig, Pfannkuchen, eine Giess, 44 Ck.inkl. der Trinkgeld-
574 1467 3266 1617 abgabe.Furchtbar viel. Was bekommt man da schon im Imperial! Von 2-4
574 1576 3376 1705 sehr erschöpft am Divan gelegen und gelesen. Jetzt muss ich wieder we-
538 1707 3330 1844 gen der Badeanweisung ans andere Ende von Karlsbad zum Kaiserbad lau-
572 1837 3246 1984 fen und um 6 Uhr zum Brunnen. Ab morgen hoffe ich mit dem ruhigeren
518 1983 3401 2133 Kurleben zu beginnen und auch irgendwie ins Grüne zu kommen. Wenn Karls-
505 2114 3296 2254 bad mir bisher noch keinen Eindruck gemacht hat, so liegt das wohl in
512 2250 3355 2389 mir und den Umständen. Gestern Früh am Ende der Schlossbergstrasse traf
3308 2329 3359 2417 le
569 2375 3415 2479 ich Ferda Bloch mit Frau von Eyk. Sie waren eben im Begriff per Auto zu
501 2498 3443 2663 reisen und ich sprach sie kaum eine Minute. Sonst kein bekanntes Gesicht.
514 2617 3280 2768 Das Wetter ist herrlich, täglich wölbt sich derselbe blaue Himmel. Ich
526 2759 3365 2914 hoffe, es geht Dir sehr gut und Du hast es jetzt ganz so, wie es Dir und
556 2877 2955 3016 Deiner Arbeit zuträglich ist. Ich wünsche es Dir vom Herzen.
574 3002 3380 3138 Ich sende den Brief jetzt ab, da er nun einmal geschrieben ist und Du
3099 3116 3191 3195 des
558 3142 3364 3289 einen ausführlichen Bericht wollteut. Ich gehe eben zu Dr. Deutsch,
516 3278 3484 3422 da er wohl noch nicht ausgeht, aber zu sprechen ist. Das zweite Glas Mühl-
519 3402 3314 3531 brunn gestern hat mir nicht sehr wohl getan und ich muss mich mit ihm
510 3528 3305 3682 beraten.-Von Dir noch keinerlei Nachricht. In Herzlichkeit Deine Cl.K.
526 3665 3369 3801 Eben im Weggehen kommt Dein erster Expressbrief.Innigen Dank, muss lei-
518 3777 3485 3931 der jetzt fort. Morgen Fortsetzung oder Antwort. Werde Sonntag 9-10 wunsch-
518 3932 2524 4121 gemäss in der Nähe des Telefons sein. Alles Liebe.
