3686 4691
2134 286 2784 449 Wien, 19.3.1929.
559 312 1223 457 An A.S., Berlin.
565 578 990 723 Liebster,
1110 700 3328 818 eben 12 Uhr kommt Dein gestriger Brief, demzufolge sich
589 816 3403 972 in den dortigen "Verhandlungen", wenn man dieses Herumziehen so nennen
596 926 3389 1094 will, noch nichts entschieden hat. Warum die Bergner sich immer allein
593 1094 3467 1216 mit den Direktoren oder Theaterleuten bespricht und Dir dann referiert
602 1218 3227 1359 und Du dann wieder mit dem einen oder andern allein sprichst, ist
590 1327 3319 1469 mir schleierhaft. Zweck Deines Hinfahrens war doch, das gemeinsam zu
621 1448 3268 1582 besprechen und es kann doch nur was Richtiges bei alledem heraus-
593 1604 3159 1760 kommen, wenn sich die Beteiligten da und dort zusammensetzen und
605 1735 3416 1880 sehen, unter welcher Flagge man am besten einig wird. Aber schliesslich
609 1852 3327 1996 lässt sich aus der Ferne nicht mitreden und ich bin auch nicht klug
583 1996 2031 2150 genug,um in Theaterdingen zu raten.
1124 2106 3218 2253 Ich war etwas erstaunt nach einer Woche (ganz gegen
608 2255 3412 2403 Deine sonstige Gepflogenheit) noch nicht telefonisch angerufen worden
607 2397 3293 2539 zu sein. Offenbar hat es sich nicht "gefügt" : Zu erzählen habe ich
592 2536 1444 2675 Dir ohnedies nichts.
1111 2639 3255 2772 Warum Du so lange wartest Dich bei Wiegler zu melden
616 2749 3413 2904 und worauf Du wartest, weiss ich nicht. Eine Intervention oder ein Ge-
608 2908 3286 3056 spräch mit ihm ist doch jedesfalls eher von Nutzen, bevor eine Ent-
596 3032 3407 3172 scheidung gefallen ist und nicht wenn vielleicht das Manuscript schon
601 3180 1091 3364 zurück ist.
1117 3296 3363 3424 Das Wetter ist schön, wenn auch noch immer recht frisch,
619 3421 3366 3557 in der Früh 1-2 Grad Kälte. Heute Nachmittag gehe ich zu Wellesz hi-
613 3557 3331 3669 nüber, wo auch Miss Newton sein soll. Am Abend immer zuhause. Bleibe
604 3637 3336 3749 nur jedesfalls dort, bis Du zu einem Resultat gelangt bist, eine Ab-
669 3697 3376 3810 reise ohne fixe Vereinbarungen wäre ganz sinnlos. Lass es Dir weiter
617 3805 2008 3876 gut gehen und sei herzlich umarmt.
1533 3850 1987 3978 Deine C.K.
3482 93 3583 243 215
