3771 4719
2047 226 2995 415 Berlin,Hotel Esplanade,
2109 377 2561 485 30.12.1929.
679 565 3294 687 Mein Liebes, ich weihe mein Stehpult mit diesem Brief ein (ermiss
644 666 3409 806 daraus wie (viel ich schon gearbeitet habe) und schicke Dir vor allem
642 776 2159 937 viele innige Sylvester-und Neujahrages
2291 806 3434 944 se. Von hier gibt es begreif-
2295 884 2538 980 am statu
639 926 2237 1063 licherweise noch nichts zu erzählen. De
2331 939 3370 1106 xxxxxhabe ich Dir schon
620 1066 3318 1194 telefonisch berichtet; der gestrige Sonntag brachte einen Mittags-
721 1199 3444 1329 spaziergang mit Dora bei trühem Nebelwetter und auf feuchten Wegen;
646 1325 3285 1492 Mittagessen bei O. mit Arnoldo und Paul Marx. Nachmittag im Hotel
676 1461 3423 1611 verbracht bei mässigen Befinden. Hauptmanns Roman zu lesen begonnen.
646 1609 3401 1752 Abends bei Michaelis, wo O., Heini, Arnoldo, Ruth, Lusy v. Jacoby, Fischers
634 1707 3238 1819 (die heute nach St. Moritz fahren).F. erkundigt sich bei mir nach
635 1849 3236 1979 Maril und fand selbst, dass es ihm an Elan fehlt. -Gramophon.-Vor-
937 1928 1136 2019 hat to
641 1989 3434 2140 mittag kunx ich im Hotel (zufällig) Beer gesprochen (knapp vor seiner
631 2126 3270 2253 Abreiwe), aber eben hatte er gute Nachrichten über den Besuch der
688 2235 3317 2374 "Sommerlüfte" erhalten. Ein anderes Theater hat sich bisher nicht
2852 2338 3079 2422 begeb
635 2401 3232 2518 gemeldet. - Heute noch hoff ich Klein zu sprechen; jetzt kegen ich
633 2527 3465 2654 mich zu Feilchenfeld in die Bank; das Wetter ist beinske frühlingshaft
626 2661 3433 2786 und ich will ein bischen durch die Strassen bummeln. Heute Mittag war
631 2763 3358 2919 ich mit Viki, Mimi, Arnoldo bei O.; Heini hat Proben. für die morgige
611 2892 3282 3003 Boxer-Première. - Von Bernhardi ist so wenig mehr die Rede als von
632 3008 1234 3182 Fräulein Else.
627 3154 3278 3314 Am Donnerstag (2.1.) zwischen 8 und 9 telefonier ich wieder, hoffe
1646 3243 1734 3317 ie
626 3290 3304 3403 aber vorher noch manches xxxort von Dir zu lesen. Lass es mich
613 3396 3350 3562 nicht entgelten, dass ich so wenig zun Briefschreiben tauge. Ich um-
627 3513 2351 3681 arme Dich in stummer Zärtlichkeit. Dein A.
1796 3667 2030 3817 - - - —
