3686 4658
2728 287 3150 492 14.11.30.
542 542 3484 666 sind. Du müsstest auch erwähnen, dass es eine grosse Rolle für die Helene
545 670 3320 831 Thimig wäre, Rehmann könnte den Barbaraux spielen,tu es aber nur, wenn
553 782 3346 914 es Dir nicht unangenehm ist und Du es mit Wärme tun willst, sonst lie-
538 885 3352 1096 ber gar nicht. Und ich wende mich selbst an Hoch oder auf Umwegen an
582 1041 1179 1207 die Helene Th.
932 1193 3387 1350 Meinen gestrigen Expressbrief hast Du wohl heute Früh bekom-
530 1289 3343 1469 men. Ich hoffe, der Titel "Flucht in die Nacht" gefällt Dir so gut wie
540 1448 2099 1610 mir, auch Frieda findet ihn sehr schön.
918 1572 3251 1721 Bitte frage einmal Heini ganz nebstbei,ob er meinen Brief
536 1714 3177 1827 bekommen hat. Ich habe ihn selbst in den Kasten geworfen, aber hie
544 1838 3217 1972 und da versagt die Post ja doch und ich möchte nicht als ungezogen
538 1978 1970 2112 oder gleichgültig angesehen werden.
923 2097 3374 2262 Deinen Finger musst Du hier mit Diathermie behandeln lassen,
541 2241 3207 2376 dann wird er in einer Woche gut sein und nur einmal im Tag Fleisch
535 2354 3324 2488 essen! Ich hoffe, Du hast dort auch so gutes, trockenes Wetter und hof-
523 2470 3327 2656 fe auch bald mehr von Dir zu hören (stilistisch nicht sehr schön, aber
536 2627 3225 2822 ich habe bei Briefen keine Ambitionen!!!). Lebwohl,ich umarme Dich
527 2705 1171 2879 (mit Vorsicht).
1176 2857 1450 3001 Deine
1441 3017 1638 3164 C.K.
3442 117 3610 282 116
