2806 3370
1176 255 1859 480 Ischl, 21.7.97.
288 462 2719 779 Arthur Schnitzler an Hugo v. Hofmannstal
235 764 2724 1005 in Angelegenheit meines Ein-Aktes
205 998 2458 1162 »Mimi« Strahlenbilder aus dem
204 1169 1256 1347 Mädchenleben
406 1915 2383 2074 Neulich war ich in Aussee bei den Loebs; gestern
406 2089 2378 2233 waren sie in Ischl. Clara fühlt sich sehr verlas¬
401 2242 2460 2336 sen von Ihnen. Sie hat es anders ausgedrückt; aber
406 2361 1194 2481 das ist der Sinn.-
403 2482 2402 2629 Sie wissen wohl, dass Burckhardt die Jordan nicht
414 2643 870 2765 aufführt? -
495 2740 2468 2886 Ich ärgere mich sehr; umso mehr als ich zu ahnen
497 2860 2424 3011 glaube, wo die Gründe liegen und wer eigentlich
536 2985 2270 3138 -- sagen wir "mit"-schuldig ist.-
