3771 4674
1992 268 2798 393 Adel boden, 7.8.1926.
2040 368 3338 515 (nach Zürich) Hotel Baur au Lac
769 484 3357 628 in Liebes, gestern war ein schöner Morgen, den ich gleich benützte,
773 605 3242 720 einen grösseren Spaziergang zu machen, aufs Hahnenmoos hin und
647 744 3335 870 zurück über 5 Stunden - Nachmittag schlug das Wetter wieder un und
665 893 3440 1008 heute ist es trüb, kühl, regnerisch. Neinpes ist doch nicht der rechte
628 1038 3366 1153 Aufenthalt und das übelste, dass man zu jedem grösseren Ausflug (von
634 1119 3200 1255 etlichen Bergpartien abgesehen) vor allem einmal nach Frulingen
613 1301 3370 1405 1 Automobilstunde) hinunterfahren musste. Am Dienstag oder Mittwoch
635 1405 3409 1574 erfolgt also allgemeine Abreise; - ich fahre mit Heini wahrscheinlich
635 1484 780 1583 nact.
646 1544 3474 1649 zu Kandersteg zu Julius für 1-2 Tage; dann Bern, wo ich voraussichtlich
2721 1624 3196 1705 erhalte ich
622 1684 3397 1813 Bellevue absteigen werde; - da das aber nicht sicher erhält xxx eine
608 1777 3397 1943 Nachricht poste restante (die ich wohl Donnerstag Nachmittag abholen
634 1910 3315 2040 werde). Ob ich Dir dann noch ins Baur au Lac oder nach Interlaken
631 2055 3316 2220 schreiben resp. telefonieren soll, wird ja in dem Brief stehen, den
629 2187 3468 2327 ich in Bern vorfinde. Ich sehe vielleicht auf dem Weg etwas am Thuner-
634 2325 3434 2440 see an, wo es sehr hübsche Orte geben soll, besonders an einer Strecke,
624 2446 3363 2553 die die Schweizer stolz ihre Riviera nennen. Zusammentreffen werden
663 2574 3312 2686 wir wohl in Bern.(Thun ist eine halbe Stunde entfernt). Aber das
626 2706 3293 2851 werden wir wohl telefonisch besprechen Freitag zur Frühstückszeit
620 2818 1630 2965 oder während des Lunch.-
628 2972 3306 3111 Dein Filmaujet ist nicht übel; aber es sind nicht nur gewisse An-
620 3120 3283 3237 klänge an Variété-sondern auch an den "Mann, der die Ohrfeigen be-
617 3236 3356 3351 kam", -ich glaube, ich sah den Film in Berlin, aber ohne Sich, Chaney,
620 3350 3355 3473 (den Du aus dem Oberngespenst kennst) spielte die Hauptrolle; einen
616 3483 3528 3627 Clown, der seine Tochter (oder seine Frau?) einem Entführer zu entreis-
614 3625 3389 3772 sen sucht.- Ich bin indess auf die etwas zu meinem Vortheil geänder-
630 3725 3466 3895 ten Bedingungen des Dr. Müller eingegangen.-Ob die Leute nun noch etwas
619 3857 2503 4018 von sich werden hören lassen, wird sich zeigen.
612 3966 3476 4134 Nun mein Liebes will ich Dir noch eine sehr angenehme Reise wünschen -
609 4154 3302 4276 und wenn der Wunsch auch etwas verapätet eintrifft, so wird er doch
3507 84 3651 242 33A
