3771 4667
572 298 1220 452 Tgb. 15.9.1929.
583 423 3457 631 16.9. Ohne Brief. Dagegen hat Minna eine Karte, dass er erst am 20. oder
625 633 3469 763 21. kommt und Frieda eine Karte, der er nur schreibt, dass es in M. sehr
571 745 3536 917 schön ist und O. wohler angetroffen hat in Franzensbad, als er gefürchtet.
583 864 3406 1012 Mir ist ganz schlecht vor Erbitterung. Wie recht hatte ich über diesen
580 990 1976 1142 Reiseabschluss verstimmt zu sein.
583 1203 3472 1312 17.9. In der Früh eine Ansichtskarte vom 15., am Nachmittag eine vom 16.
628 1311 3476 1484 mit Dank und Bestätigung meiner beiden Briefe. Ich schreibe keine Zeile
587 1449 3318 1620 mehr.-Wahrscheinlich hat die O. ihm Vorwürfe gemacht oder er bereut
601 1569 3551 1711 seine schrankenlosen Hingabe in diesen 3 Wochen, fühlt sich zu sehr gebun-
598 1755 3460 1910 den und will Distanz schaffen. Und dann wird er böse sein, wenn ich ihn
592 1864 2001 2021 nicht strahlend zärtlich empfange.
595 2032 3494 2199 18.9. Heute Mittag ein Brief. Freundlicher Bericht über Marienbad. Kein
587 2174 3292 2297 Wort über 0., kein Wort Über die vergauegenen Wochen, keinWortüber
591 2276 3421 2457 Wiedersehen und Heimkehr. Ich schrieb eine Karte, dass ich Jausengäste
591 2442 2564 2573 habe und keine Zeit zum ausführlichen Antworten.
601 2611 3376 2754 19.9. Vormittag kleiner Spaziergang. Nachmittag flüchtige Karte. Ein
585 2760 3407 2894 Expressbrief an mich scheint verloren gegangen zu sein. Er kommt erst
587 2865 3483 3014 Montag. Meine Stimmung verdüstert. Abend Bummel in der Stadt, Begegnung
596 3043 3495 3153 mit dem alten Schwarzkopf. Er sagt: "Arthur ist glücklich, dass er einen
911 3129 981 3210 ne
593 3147 1432 3308 Menschen Sie hat“...
587 3345 3439 3506 20.9. Heute Früh Anruf aus Marienbad. Gegenseitige Richtigtstellung. Er
600 3507 3455 3610 nimmt dort ein paar Bäder, fühlt sich sehr wohl, freut sich aufs Wieder-
607 3586 3294 3748 sehen. Mittag ein lieber Brief. Warum konnte das nicht früher sein?
605 3800 3376 3937 21.9. Frieda nahezu den ganzen Tag bei mir. Vormittag den geänderten
600 3919 3536 4075 ersten Akt diktiert. Sie findet ihn jetzt mehr gut und ich hab auch ein
605 4055 3420 4209 gutes Gefühl. Nach Tisch weiter diktiert. Dann in die Stadt. Ich habe
594 4188 3416 4328 für A. einen Stock gekauft mit einem Horngriff, da er jetzt immer
