3771 4654
709 242 1308 425 Tgb. 6.5.1931.
685 442 3360 589 aber so unglücklich bin, meine Nerven so herunter, dass ich einfach
711 587 3564 737 nicht mehr weiss, was ich tue. Und dann wieder die Szenen, wie sie schon
738 715 3382 882 ungezählte Male da waren, nur noch viel schlimmer. Will ich gehen,
691 844 3429 966 keucht er und rauft sich die Haare, kniee ich vor ihm und bitte ihn
707 998 3368 1118 einzusehen, dass es so nicht geht, dann ist er starr wie eine Mauer.
708 1087 3334 1261 Ich habe schluchzend die Hände aufgehoben und ihm gesagt, wenn du
702 1198 3395 1378 nicht anders zu mir sein kannst, dann lass mich doch endlich gehen.
690 1360 3439 1528 Er sitzt da wie aus Stein. Er kann nicht mehr geben, als er hat, sein
692 1491 3491 1670 Alter, ich woll mich auf Freundschaft umttellen. Mein Gott, ja, was will
709 1611 3335 1789 ich denn, eine Freundschaft des Herzens und Ehrlichkeit, doch nicht
682 1727 3445 1901 dieser Zustand voll Qual und Pein. Ich bin wie ein Dieb aus dem Haus
719 1884 3024 2028 geschlichen, damit niemand mein verheultes Gesicht nicht.
690 2012 3354 2192 6 Uhr Abend. Er hat angerufen, will um 7 herkommen. Aber jetzt bin
670 2128 3339 2305 ich voll Angst. Was wird er mir sagen? Irgend ein neues quälendes
682 2251 2013 2407 Programm. Ich werde stillhalten.
678 2363 750 2443 de
702 2388 3565 2548 Während er da war ging draussen ein arges Gewitter nieder. Wir sprachen
691 2510 3525 2684 wenig. Er meinte nur, ob ich nicht für ein paar Tage nach Baden hinaus
722 2696 3517 2819 will, er würde mich in 5 Tagen wenigstens zweimal bezuchen kommen. Ich
672 2798 3534 2973 sagte, dass jetzt meine Nerven dem Alleinsein an einem andern Ort nicht
687 2925 3483 3096 geawachsen sind, dass ich mir davon keine Erholung verspreche. "Dann"
687 3056 3355 3218 magte er "gehe ich" für xxx 2-3 Tage auf den Semmering. Ich ant-
667 3221 3391 3366 wortete, dass ich das für das Richtigere halte. Nachher Radio trotz
672 3311 3402 3486 entsetzlicher Nebengeräumche. Um 19 als er fortging bat ich ihn, was
664 3446 3489 3593 ich am Vormittag getan habe, zu vergessen. Er antwortete: "Es ist schon
666 3565 3377 3762 vergessen". Leichter Kurs auf meine Wange, den ich ebenso erwiedere.
669 3693 3262 3834 Er sah erschütternd schlecht aus, ich warf mich nachher ins Bett.
650 3839 3382 3993 Elende Nacht, trotz Schlafmittel um 13 Uhr mit einem Schrei erwacht,
677 3947 3378 4133 geträumt, dass eine alte kleine Frau im Dunkel des Zimmer an meinem
652 4083 3427 4272 Bett stand. Nachher schlaflos bis ½5. Nochmals Phanodorn. Irreinnige
643 4189 1658 4379 Fliegeträume bis 1/7 Uhr.
3542 99 3693 271 170
