3755 4618
2002 282 3130 433 St, Moritz Bad, 21. Juli 1930.
1976 389 3411 557 (nach Wien, XIX. Hochschulstrasse 16)
681 541 3533 724 Mein Liebes Kind - ich habe Dir nicht nur ein paar Karten geschrieben,
650 688 3369 830 auch 3 oder 4 Briefe habe ich zu schreiben begonnen, aber es standen
685 796 3505 912 doch nur die hundred gesagten und hundertmal gehörten Dinge xxxxx
722 942 3493 1082 drin - ihre Wiederholung hätte Dich noch mehr ermüdet als mich. Also
637 1078 3400 1216 lass mich nur mit wenigen Worten auf Deinen Brief vom 15. erwiedern.
652 1198 3444 1358 In einem Punkt bin ich völlig Deiner Ansicht, dass ein Winter wie der
647 1345 3385 1502 vergangene nicht mehr kommen dürfte; - nicht müsste - auch ich fühle
647 1483 3565 1615 mich ihm nicht gewachsen. Aber wenn Du sagst, dass Du als einzige Voraus-
635 1594 3279 1726 setzung eines Wiedersehens und Zusammenseins in nächster Zeit nur
631 1717 3466 1886 Liebe und Sehnsucht gelten lässt, dass Er Dir Freundschaft nicht genüge,
2871 1815 3232 1909 Rückkehr
637 1843 3479 2016 dass Du auf sie nicht reagieren und für mich bei meiner Rüxxkker weder
627 1987 3441 2146 in Wien noch sonstwo zu finden sein würdest - so hei ist das doch das
630 2072 3313 2244 Wesen menschlicher Beziehungen - und gar solcher, wie es die unsern
626 2237 3476 2386 sind - einfacher und dogmatischer sehen, als sie im allgemeinen zu sein
627 2351 1006 2485 pflegen.
615 2496 3389 2666 Denn so wahr es ist, mein Kind, das es ich im Laufe der Zeit
625 2630 3381 2768 unsere Beziehung in mancher Hinricht verändert hat, so bleibt es doch
698 2772 3403 2931 ebenso wahr, dass ich Dich, Dein lebendiges Dasein, Deine Gegenwärtig-
613 2897 3215 3054 keit aus meiner Existenz nicht wegzudenken vermag und ich glaube
616 2987 3266 3172 nicht, dass es Dir mit mir anders ergeht. Es wäre peinlich-müssig
648 3151 3415 3281 wieder einmal darüber zu reden, dass diese Veränderung unserer Bezie-
604 3278 3421 3402 hung nur in allgemein menschlichen Gesetzen - inwieweit sie in meinen
603 3390 3466 3531 Eigenschaften, inwieweit sie in den deinen begründet sein mögen; - darü-
606 3541 3477 3702 ber aber kann kaum ein Zweifel bestehen, dass die Entwicklung dieser Be-
2884 3652 3134 3733 thmus
604 3647 3424 3851 ziehung - und nicht zu ihren Ungunaten, -eher nach den Richtung Freund-
1316 3754 1427 3843 leur
588 3819 3438 3960 schaft als nach der der Liebe tendiert. Vor Monaten schon habe ich Dir
590 3925 3368 4103 das Gleiche gesagt und war mir keiner geringeren Innigkeit in meinen
586 4035 2713 4223 Gefhlen für Dich bewusst, als in den Monaten vorher.-
3554 80 3669 254 66
