3759 4658
1445 227 1885 380 III. Brief
1881 412 2822 550 Berlin, Hotel Esplanade,
1904 509 2366 601 14.10.1925.
1874 560 2722 709 (nach Wien, Peregring.)
550 681 3412 824 Liebste, auch dies nur eine Chronik. Gestern 13. Generalprobe Liebelei,
611 796 3423 935 Weihnacht seinkäufe. Statt 12 (spät genug) begann sie um 1,- war gegen
602 952 3417 1062 4 zu Ende. Sehr hübsche Vorstellung, im Costüme "der Zeit". ( - unglaub¬
556 1062 3252 1214 I ich wie kostümhaft sie schon wirkt). Heini vorzüglich.- Mit Dora,
573 1186 3361 1354 die auch der Generalprobe beiwohnte, nach Dahlem, - bei ihnen gegessen;
569 1331 3334 1482 gegen 7 wieder zuhause. Ins Königgrätzer-Theater. Don Juan-Faust, gut
605 1441 3293 1580 inszenierte Vorstellung. Die F. Br. -- besser als man mir erzählt:
565 1610 3374 1752 wär als Judith gewiss möglich. Im Esplanade mit Heini und Barnowsky.-
567 1751 3332 1864 Langes Gespräch mit B.- Die Aurelie erscheint unbesetzbar (ich kann
603 1866 3256 2000 mich weder zur Fein noch zur Heims entschliessen; auch der Arduin
607 1981 3387 2154 keinen rechten Vertreter hat; einigten wir uns, dass falls bis Frei¬
568 2140 3334 2278 tag die Besetzung nicht gefunden wird, zu verschieben.- Hingegen wur¬
569 2243 3409 2413 den die Schwestern in Erwägung gezogen, - da Forster (Don Juan –Falkenir)
577 2410 3136 2529 ein sehr guter Casanova sein müsste. Die grösste Schwierigkeit
612 2506 3407 2639 bleibt hier der Andrea. Kam erst um 2 ins Bett. Heut früh Bein Brief,
556 2627 3109 2791 Tausend Dank. Nun (es ist 10) fast ununterbrochen telefoniert:
543 2795 3302 2926 Heini, Fischer, Michaelis, Wiegler, Sanatorium (Steinrück befindet sich
582 2934 3376 3058 viel besser), von Jesener eine sehr offizielle und liebenswürdige Ein-
601 3076 3342 3164 ladung zur Première - auch gestern wurde ich von Fehling (dem Regis¬
623 3183 3303 3324 seur) und dem Vizedirektor Rameau sehr dringend gebeten; - aber ich
574 3323 1075 3459 habe abgesagt.–
547 3423 3423 3576 Für heute Vormittag steht das Gespräch mit Fischer bevor; - Frau F. hat
578 3559 3340 3721 mich seit gestern 4 mal angerufen; Thomas Mann kommt morgen an; soll
583 3700 3395 3814 morgen dort essen; heute Abend nach dem Theater wollen wir zusammen
581 3843 2822 3985 sein u. s.w.; Mittag speist Wiegler (und Heini) bei mir.
577 3951 3300 4111 Nun will ich vor Fischer auf eine Stunde ins Freiem, um meinen Kopf
581 4089 2246 4245 auszulüften, dem es nicht zum besten geht.
576 4211 2181 4381 Ich umarme Dich in Zärtlichkeit. Dein A.
1588 4364 1874 4475 - - - -
