3746 4638
2291 239 3031 438 30.7.1930. Bl. 3.
592 453 3367 601 bin, nicht in Aussicht genommen. (Für mich kommt all das nicht nicht
617 644 2901 760 in Betracht). (Julius und Helene sind heute angekommen.)
625 736 3400 859 Und zum Schlums, mein Kind, bitte nimm die Sachlichkeit dieses Briefes
630 899 3236 1018 nicht als programmässige Kühle. Mein Zweck ist kein anderer, als
650 979 3488 1148 mit einfachen Worten meinen Zustand, meine Stimmung und meine nächsten
633 1153 2080 1288 Absichten zum Ausdruck zu bringen.-
627 1260 3293 1391 Und schon wieder regnet und stürmt es. Ich danke Dir, mein Liebes,
1674 1365 1861 1450 Juli
632 1404 2436 1568 für die Erinnerung zum 26. und umarme Dich.
1570 1527 1806 1682 Dein
1779 1671 2119 1786 Arthur.
1769 1901 2074 2052 - - - -.
3520 112 3639 270 81
