3782 4714
582 308 1225 450 Tgb. 30.5.1930.
591 411 3239 564 "Wenn ich so nachdenk - Du hast schon massenhaft für mich getan und
594 576 2717 691 wär Zeit, dass ich um zwei Kreutzer Vernunft hätte."
584 679 2692 827 Gegen Abend A. auf einen Sprung. Zum Nachtmahl Anna.
552 825 3361 967 A. macht morgen eine Autopartie nach Thalheim zu seiner Uebersetzerin
597 963 3428 1085 Clauser. Dadurch, dass er sie zuletzt ohne mich eingeladen hat und mich
554 1062 3407 1225 unausgesetzt verhindert sie zusammen einzuladen (sie war nur bei einem
604 1192 3428 1337 Damentee bei mir und ich bei ihr) bin ich auch jetzt nicht eingeladen.
591 1349 3481 1486 Sonst ist jeder kleine Ausflug für ihn eine Affaire und da kann er sich
593 1495 3516 1618 von all Uhr Vormittag bis 11 Uhr Nachts in Bewegung setzen. Meine Merven
555 1612 1474 1769 sind manchmal am Rand.
590 1748 3323 1991 14.6. Stummheit, Kälte - so gehen die Tage hin und es ist Sommer und
568 1926 1761 2110 es wird wieder Herbst werden.
561 2085 3524 2285 12.6. Etwas besser. Ich gebe mir solche Mühe. Er sagt, ich habe Dich sehr
563 2276 2124 2415 lieb, auch wenn ichs nicht zeigen kann.
557 2449 3359 2610 15.6. Nach Monaten ein guter Tag, aber ich trau mich kaum mehr mich zu
557 2610 3374 2742 freuen. A. holte mich ab, wir sassen im Türkenschanzpark, dann zu Tisch
610 2724 3437 2894 und bis 6 Uhr bei ihm. Grosse Zärtlichkeit. Abend Kino, dann Heimfahrt
569 2886 1997 3008 Hand in Hand und viele liebe Worte.
556 3061 3530 3204 17.6. Gestern 16. ruft A. mich an mit fremder, kalter Stimme und teilt mir
569 3161 3444 3316 mit,Dora M. sei für einige Tage hier. Warum er deshalb wieder verändert
598 3315 1443 3458 ist weiss ich nicht.
603 3494 3427 3635 18.6. Sorgen wegen Harry,Sorgen wegen A. Er ist wieder kalt und steif.
595 3709 3401 3841 19.6. Nachmittag. Schwerer Gallensteinanfall nach einem telefonischen
575 3828 3523 3985 Gespräch mit Dora. Ich soll sie heute bei A. am Abend mit etlichen Andern
612 3971 3483 4088 treffen und ich rief sie an, um ihr zu sagen, dass ich sie auch gerne al-
558 4123 3491 4270 lein sprechen möchte, da sie mich doch gar nicht kennt und sie die Situa-
567 4238 3412 4359 tion hier nicht verstehen kann. Ihren merkwürdigen Antworten nach muss
