3743 4634
649 236 854 420 1928
653 419 3495 641 Wolfi.-Die gekündigte Hausdame von A. scheint mit Lili zu intrigieren.
614 619 1770 771 Ich ahne Unannehmlichkeiten.
606 747 3351 849 Brief meines Hausherrn wegen grosser Reparaturen, die gemacht werden
653 895 3401 1043 müssen. Auf meinen Teil kämen 1300 und etliche Schillinge. Ich kann
603 1023 3214 1148 überhaupt nicht mehr zahlen. Mag er mich auf die Strasse setzen.
667 1122 3541 1244 3.7. Zu heiss, um zu schreiben. Gute, ruhige Zeit. Mit A. bei der "Aegyp-
618 1252 3532 1389 tischen Helena" (langweilig und schlechter Text von Hugo), aber Anregung
673 1390 1487 1538 für mich -wer weiss!
656 1527 3338 1649 Sorgen mit Fredi. Abreise der Kinder nach B. Mein Befinden mässig.
622 1657 1631 1787 Wallungen und Störungen.
646 1794 3473 1913 Mit A. bei Savoy Band. Netter Abend. Dann beim "Aär". Kallinas Erfolg
654 1919 3517 2020 übertrieben. Freitag schöner Ausflug über Tuln. Hitze unbeschreiblich.
655 2062 3360 2169 Brief Sil Vara. "Gespenster im Haus". Eines der wenigen Stücke, die
636 2183 3445 2321 das Guild-Theatre ihm noch nicht zurückgeschickt hat. Entscheidung im
611 2305 950 2434 Herbst.
670 2436 3432 2580 5.7. Im Busch-Kino beim "Pilgrin" mit Charly Chaplin mit A. Dann bei
622 2559 3438 2696 Prohaska genachtmahlt. Gestern Unterredung mit Paul Zsolnay. Soll ihm
622 2706 2751 2861 den Roman schicken. Halte es für recht aussichtslos.
625 2819 3311 2958 6.7. Mittag bei A. mit Hofrätin Z. Sehr gemütlich. Am Abend allein
610 2955 3445 3121 mit A. Besonders gutes Zusammensein. Ich sehe gut aus, obwohl ich mich
662 3088 2942 3233 physisch nicht wohl fühle. Nachmittag heftiges Gewitter.
668 3232 3351 3373 Brief vom Fischer-Verlag. Sie haben von Kahane gehört, dass ich ein
653 3365 3333 3473 Stück "Mimi und Gwendi" geschrieben. Ich soll es zur Einsicht für
617 3477 3473 3600 den Bünnenverlag schicken. Gott, vielleicht werde ich doch Geld verdie-
655 3629 3382 3761 nen. Wie froh wäre ich! Mein Befinden elend. Herzklopfen, Wallungen,
613 3722 1215 3873 Kopfschmerzen.
1296 3813 1768 3911 Planetarium
663 3878 3383 4060 10.7. Mit A. im Pkann im Kino "Die letzten Nächte einer
669 4003 3483 4158 schönen Frau“. Dann bei Hartmann am Ring im Freien genachtmahlt. Mein
3542 31 3647 120 -
3520 110 3682 259 128
