3686 4667
2470 493 2860 615 6.8.1925.
898 624 3228 792 Es ist übrigens merkwürdig, - wenn man mit einem Kind noch
574 748 3226 869 so gut steht, wie ich mit Cary doch gewiss stehe - ein gemeinsames
611 869 3311 1051 Empfinden, ein gemeinsames Geniessen der Natur ist doch nur möglich
572 992 2816 1139 zwischen einem Mann und einer Frau, die sich lieb haben.
951 1131 3213 1262 Um 7 Uhr waren wir zurück, kleideten uns um, nachtmahlten,
533 1279 3393 1427 sassen noch ein wenig gelangweilt in der Halle herum und zogen uns um
556 1408 3401 1560 1/2 10 Uhr auf unsere Zimmer zurück. Ich habe leidernoch kein anderes.
556 1497 3291 1688 An den Lärm gewöhne ich mich allerdings, denn er ist so stark und aus
603 1672 3213 1795 so vielen verschiedenartigen Geräuschen zusammengesetzt, dass er
606 1787 3315 1948 fast wie ein Wasserfall wirkt. Viel unangenehmer sind die Moskitos,
562 1910 3318 2095 die mich schrecklich belästigen und in der Nacht mein Bett umsurren.
1069 1998 1191 2075 las,
562 2049 3443 2205 Ich glaube, ist bei den seezeitigen Zimmern besser. Ich hätte die-
531 2188 3310 2340 s er Tage eines haben können, aber 1. waren mir 70 Lire zu viel und 2.
535 2295 3267 2457 fürchte ich dort die Sonne. Heute ist es sehr heiss und ich denke,
535 2430 2641 2611 ich werde sogar ins Wasser gehen. Fortsetzung folgt.
2302 2583 3175 2743 1/2 4 Uhr Nachmittag.
540 2686 3263 2827 Seit zwei Stunden tanzen meine Gedanken unausgesetzt um Dich herum.
541 2821 3292 2970 Ich sehe Dich in Bozen aussteigen, sehe Herrn Steffeneli Dich freudig
531 2952 3345 3117 begrüssen, sehe Dich im Bristol (nicht Greif) zu Mittag essen und dann
513 3097 3255 3251 die Fahrt hinauf. Dann lassen meine Gedanken aus oder richtiger, ich
563 3194 3234 3377 will sie nicht weiter spinnen. Es regnet, so wie es damals regnete.
509 3330 3328 3482 Hier wenigstens schüttet es seit einer Stunde. Nun bist Du wohl schon
560 3481 3287 3640 an Ort und Stelle. Mein Brief dürfte heute Nachmittag dort eintref-
512 3587 3290 3764 fen, aber übrigens kann man hier gar nichts wissen; Deine lieben Mon-
513 3712 3394 3928 t agzeilen kamen heute Donnerstag um 10 Uhr in meinen Besitz. Ich hoffe,
526 3841 3323 4023 Du hast meine Expresskarte noch in Wienerhalten, aber sie ist keines-
508 3976 3048 4169 falls sehr komprometant, auch wenn sie Dir nachgeschickt würde.
1055 4148 3334 4269 Nun aber will ich meinen Bericht dort fortsetzen, wo ich
3475 98 3603 263 183
