3771 4707
1608 337 2026 471 Tagebuch.
579 528 1099 670 Sommer1926.
579 655 3398 826 wie die Dekoration einer alten italienischen Oper. Alter Gasthof. Ich
590 808 2580 917 bin übermüdet, aber wir sind sehr lieb zueinander.
580 950 3351 1088 17.8. In Zermatt gelandet, Hotel Beau Site. Sehr einfach, bescheidene,
580 1070 3358 1211 saubere Zimmer, aber lächerlich teuer. A. ist verstimmtüber den Mangel
583 1201 1059 1355 an Komfort.
559 1300 3337 1426 18.8. Ruhetag. Gute Stimmung, aber A. fühlt sich physisch nicht wohl.
568 1440 3393 1563 19.8. Ausfüg auf den Görnergrat, 3200 Meter hoch. Es ist herrlich. Ich
583 1563 3441 1723 hatte etwas Herzklopfen. A. fühlt sich physisch nicht wohl, seine Stim-
588 1719 2927 1865 mung leidet darunter. Im Zu8 fiele ihm immer die Augen zu.
584 1814 3497 1982 19.8. Abend. A. ist wieder frischer, gemütlicher Abend, aber doch nicht m-
585 1986 1084 2116 ungetrübt.-
583 2060 3496 2231 20.8. Vormittag Spaziergang in die Gornerschlucht, heiss und unbehaglich.
592 2228 3486 2366 Wir kehrten am halben Weg um. Zum Lunch Stefan Zweig, den ich gestern auf
574 2373 3360 2483 auf dem Ausflug durch A. kennen lernte. Gute Stimmung, anregende Ge-
573 2483 3322 2621 spräche. Z. kluger, aber nicht durchaus sympathischer Mensch. Nach-
576 2629 3441 2764 mittag Handschuhe für A. gewaschen. Sehr fleissig am Roman gearbeitet.
589 2772 3527 2908 Bummel mit A. in das Dorf. Später Düsterkeit A.'s,ich brauche wieder viel
574 2893 911 3052 Geduld.
588 2989 3443 3154 21.8. Wunderbarer Tagesausflug an den Schwarzsee und über die Staffel-
579 3160 3383 3311 alm zurück. Sieben Stunden marschiert. Dazwischen 1½ gerastet. Durch-
585 3308 3425 3431 aus glänzende Stimmung. Nach der Heimkehr gebadet, ganz auf dem Zimmer
621 3410 2067 3564 genachtmahlt - es war sehr lustig -
630 3510 3437 3664 22. Spät aufgestanden. Kleiner Spaziergang, am Waldesrand gesessen. Ge-
588 3696 3461 3823 spräch über historische Stücke. Habe A. sehr geraten ein Kaiser Josef-
589 3803 1378 3952 Stück zu schreiben.
589 3959 3302 4099 Nach Tisch mit Kapellmeister Wetzelsberger aus Nürnberg gesprochen,
577 4057 1750 4218 netter, sympathischer Mensch.
585 4155 3486 4341 23.8. Wieder bei herrlichstem Wetter und bester Stimmung Vormittag
581 4329 3388 4467 Spaziergang. Hoch hinauf gestiegen, auf Matten geruht. A. viel von dem
