3746 4686
2598 320 3262 469 5.2.26. Bl. 2.
757 523 3318 669 Dank! Wir standen an das Klavier gelehnt in meinem Wohnzimmer
775 658 3368 780 und ich riet Dir sehr von mir ab. Tut es Dir leid, dass es nichts
778 802 3345 927 genützt hat? Mir nicht! Trotzdem fühle ich mich aber nicht sehr
770 902 3228 1026 glücklich. Es ist als ob man auf einen Berg hinaufstüge mixt
779 1073 3451 1182 dem Gefühl nie die höchste Höhe zu erreichen - Sehnsucht nach oben
766 1183 3327 1312 und Angst plötzlich abzustürzen oder ermüdet liegen zu bleiben.
759 1311 3458 1444 Manchmal war der Gipfel schon so nah, dass ich ihn schon ordentlich
767 1403 3450 1576 leuchten sah und dann rutschte man wieder ein paar Schritte zurück
753 1572 3358 1699 und war weiter denn je - - Ich könnte Dir noch sehr viel über
756 1695 3323 1798 das alles sagen, aber wenn Zu mich verstehen willst, hast Du mich
767 1822 3449 1949 längst verstanden, also wozu noch mehr Worte machen. Wir haben uns
757 1964 3250 2109 lieb, das ist wahr. Aber es könnte schöner, besser und - froher
773 2114 3209 2225 sein! Ich möchte mit Dir an einen fernen Strand in der Sonne
770 2201 3338 2388 wandern und ich möchte überhaupt noch viel, sehr viel -- Jetzt
755 2377 3495 2506 warte ich, dass Du kommst und auf das überlegen spöttische Gesicht,
754 2482 3250 2595 das Du machen wirst, wenn Du diese Zeilen liest - - - Aber es
747 2632 3433 2763 könnte sein, dass ich einmal lache, und das wäre schade. Küsse mich!
866 2742 1865 2887 er sag rasch was Nettes.
1849 2922 2168 3045 - - - -
3497 129 3644 271 133
