3787 4703
3416 89 3625 291 141/3
2204 251 3499 414 Semmering,Südbahnhotel Waldhof.
2209 424 3182 552 19.8.1928.8 Uhr abends.
641 627 3308 745 Mein Liebes, so ein Expressbrief ist doch etwas Wundervolles. Dein
654 732 3378 861 Schreiben von gestern Samstag Früh war heute Mittag bei mir und mir
668 880 3485 980 ist in dem Augenblick, als ich ihn aus meinem Postfach nahm, direkt bes-
652 1018 3434 1163 ser geworden. Ich bin so froh, dass Dir das Hotel sympathisch ist und
655 1139 2700 1247 dass Du es in dieser Beziehung gut getroffen hast.
663 1266 3419 1395 Ich bin zufrieden im Waldhof zu wohnen, so ramponirt er auch ist, denn
661 1403 3374 1538 drüben ist es wie ein jüdisches Volksfest mit stark ungarischer Be-
654 1534 3450 1659 tonung. Für ein Zimmer hier im Haus 14 S. zu verlangen ist allerdings
655 1625 3412 1803 unverschämt. Das W.C. meinem Zimmer gegenüber nicht englisch. (1928).
695 1809 2555 1913 Im Vorraum alte Möbelstücke, Bettgestelle etc.
649 1925 3373 2047 Ein Tag zu Ende. Ich habe in der Meierei gefrührtückt, bin spazieren
659 2039 3405 2169 gelaufen, in der Sonne gesessen, will mich erholen, will gut aussehen,
653 2190 2974 2340 will Dir gefallen. Freuen tut mich vorläufig noch nichts.
1898 2254 2209 2368 (in Fussan)
653 2294 3367 2453 Ich kann mich an die Gegend dort noch ganz gut erinnern, so lange es
647 2440 3400 2540 auch her ist. Wir (die Kinder und ich) lagen immer vor den Toren der
648 2557 3372 2708 Stadt am Waldesrand, ich glaube, es heisst Blutanger oder so ähnlich.
686 2723 3397 2827 Auch ich suche Erinnerungen hier an Dich bei jedem Schritt; auf der
644 2820 3372 2929 Hochstrasse, wo wir im Regen zusammen gingen, bei dem Zuckerbäcker, wo
644 2927 3386 3097 Du mir Schokolade kauftest. Der Portier Rosenbaum erscheint mir wie
650 3073 2001 3205 eine von Dir belebte Marionette.
637 3224 3379 3322 Lebwohl, lebwohl. Lass mich bald hören, dass Du Dich wohler fühlst und
687 3316 3362 3470 zur Arbeit findest. Ich denke immer an Dich und Deinen Schmerz. Und
623 3462 3519 3602 doch glaube ich, dass wenn man von jemand, den man liebt, so geliebt wird,
648 3673 3508 3809 wie ich Dich liebe, kann man nicht ganz unglücklich sein. Ich küsse Dich
634 3782 1336 3939 tausendmal.Deine
2393 3880 2600 4023 C.K.
