3771 4723
737 282 1365 442 Tgb. 5.11.1930.
749 448 3311 569 zende Person, völlig aus der Taussig-Art geschlagen. A. am Abend
728 559 2805 666 bei Clauser eingeladen. Ich ärgere mich nicht mehr.
725 684 3454 807 6.12. Mittag Harry, Fredi, dann Hagenbunderöffnung. Fredi 9 sehr hüb-
739 811 3333 956 sche Aquarelle. Abend allein zuhause. A. angeblich auch zuhause.
748 954 3262 1079 Ich weiss nichts von ihm und wage nicht anzurufen, da er es als
724 1090 3450 1218 Kontrolle auslegt. Ich war die ganze Woche einmal mit ihm zusammen.
734 1213 3334 1339 7.11. Mittag mit Jakob und Martha Wassermann zu Tisch bei A. Ich
765 1352 3300 1454 sehr gesprächig, obwohl mir beide nicht sehr sympathisch sind.
734 1472 3418 1583 Am Abend mit Donath auch dort. Am Heimweg sagte mir D. A. habe ihm
731 1625 3384 1738 gesagt, er hätte Herzbeschwerden, er soll mir aber ja nichts davon
731 1740 3491 1864 sagen. Ich antwortete ihm, ich hätte ihn ja unlängst schon angerufen,
727 1857 3456 2032 weil ich die Magenüblichkeiten nicht fürharmlose halte. D. behaup-
728 2001 3405 2132 tet, die hätten mit dem Herzen nichts zu tun. Auch findet er es be-
729 2129 3410 2261 langlos, wenn A. wie heute drei Tassen schwarzen Kaffee trinkt.-Das
725 2272 3527 2407 versteh ich nicht. Ich mache mir Sorgen und bin doch nicht ganz über-
716 2389 3491 2536 zeugt, dass ich nicht angeschwindelt werde, um A.'s Wesen und Benehmen
727 2545 3436 2660 gegen mich zu entschuldigen. Vielleicht von ihm - vielleicht von D.
728 2649 3441 2823 8.11. Heute Mittag mit A. bei Emma Sachs. A. kam mich holen und er-
736 2790 3399 2908 zählte mir gleich, dass er Dr.D. gestern gesagt habe,dass er öfters
717 2938 3439 3071 an Herzuständen leide (und der sollte es angeblich mir nicht
705 3059 3400 3197 sagen) und D. will diese Woche eine Röntgenaufnahme von ihm machen
723 3183 2243 3319 und eventuell wieder einen Aderlass.
724 3307 3529 3469 Ich sagte ihm, ich verstehe nicht, dass er bei Herzklopfen etc. so viel
725 3436 3316 3596 schwarzen Kaffee trinkt, in der Früh einen Theeextrakt, wie sonst
708 3563 3517 3681 kein Mensch und eine Havannah nach Tisch raucht. Antwort: "Es schmeckt
722 3701 3504 3824 mir!“ Ich rede wie mit einem kleinen Kind; dass sich doch jüngere Men-
715 3841 3362 3975 schen auch ern Diäten und kleine Entbehrungen gewöhnen müssen. Er
717 4017 3432 4139 gibt mir recht, trinkt aber nach Tisch doch wieder schwarzen Kaffee.
711 4117 3517 4229 Sonst war es dort sehr nett. Der Haussohn sympathisch,else Wohlgemuth
696 4231 3436 4369 mit Gatten (Graf Thun) höchst angenehme Menschen. Ich bespreche mit
3523 97 3676 291 126
