3759 4670
2411 294 3190 457 12.8.1931. Bl.2.
730 480 3390 659 hier. Ich musste absagen, weil es schüttete und der Weg im Dunkeln
666 624 3418 787 zu weit war und ein Einspänner hin und zurück 12 S. gekostet hätte.
675 752 2007 894 Aber das ist wirklich belanglos.
718 883 3459 1047 Ich habe gestern zu arbeiten begonnen, aber heute fühle ich mich we-
721 1031 3340 1154 niger wohl und nicht arbeitslustig, obwohl die Regengünse und die
720 1125 2008 1274 Einsamkeit dazu geeignet wären.
681 1279 3447 1418 Sollte Dir ein anderer leicht erreichbarer Ort lieber sein als Salz-
686 1409 3374 1548 burg, dann wähle einen andern. Ich dachte nur Salzburg sei vorder -
683 1533 3258 1701 hand am bequemsten für Dich und mich, wenn Du Gastein nicht vor-
726 1650 3292 1787 ziehet, wozu ich Dir gewiss nicht zureden will. Jedesfalls alles
714 1787 1749 1949 Gute und Schöne für Dich.
1753 1923 1883 2071 D.
1855 2014 2515 2189 Clara Katharina.
3517 130 3642 309 21
