3771 4634
2241 309 2924 490 Berlin, 9.1.1930.
702 534 3458 647 Mein Liebes, bitte nicht missverstehen: Ich habe gesagt, dass mir die
730 627 3493 795 Atmosphäre (die aus fremder Stadt, fremden Klima, anderer Tageseintei-
738 763 3452 909 lung und einigen näher und recht viel fernen, aus gleichgiltigen und
731 908 3487 1054 interessanten Menschen besteht) mir wohltut - keineswegs immer wohl-
738 1054 3487 1191 tun würde; - aber als Abwechslung im oberflächlichen und tieferm Sin-
727 1182 3380 1281 ne gewiss gesund für mich ist. Und nebstbei ist meine Anwesenheit
715 1294 3489 1420 hier nicht unnützlich, um nicht zu sagen notwendig- und nicht für mich
764 1396 3467 1593 allein (soweit es eben Notwendigkeiten gibt). In den letzten Tagen
774 1565 3505 1728 allerdings stellt sich wie nach etlichen Hoteltagen, in besondere im
726 1693 3567 1843 Winter in Berlin allerlei körperliches Unbehagen, insbesondere stunden-
729 1797 3261 1952 lange Kopfschmerzen ein; wohl mit der Heizung im Zusammenhang.-
720 1964 3480 2095 Einige schönebTheatervorstellungen wären zu erwähnen, ausser dem Kai-
773 2090 3479 2206 ser xxx von Amerika - Vom Teufel geholt (Hamaun) mit der Röflich.
733 2216 3607 2353 Ich sah wieder, wie wunderbar wie die Bildhauerin hätte spielen können.-
731 2363 3402 2507 Aber diesen Leuten fehlt halt die Beziehung zu mir. Weit und breit
735 2459 3449 2625 (ausser Frankfurt a.M., wo der Lepoldstädter Wiener Helmer Direktor
727 2612 3409 2726 ist] interessiert sich keine Bühne für das "Spiel". Herr Dr.Maril,
730 2746 3411 2846 unfähig wie immer, hat das Stück ohne meine Erlaubnis dem Schiller-
727 2886 3434 3041 theater angeboten (wo man es ebenso gut spielen könnte wie in einer
710 2977 3431 3162 gutomobilhalle). Ueber die Jessner-Sache und alles was damit zusam-
713 3131 3448 3231 menhängt, mündlich; an das Gastspiel Heini-Wien glaub ich noch nicht
712 3259 3415 3405 recht, da die VorschlägeBeers unrealisirbar und keineswegs vortheil-
718 3359 3468 3518 haft scheinen. - K[ein ist noch in Arosa; - selbstversändlich besteht
2695 3477 2867 3554 soll
714 3490 3488 3689 keinerlei Grund für mich ihn abzuwarten. Hingegen xxxlich hier eine
766 3595 1431 3681 Phonogrammplatte
680 3628 3362 3786 Exagrampfakte sprechen,ich erwarte den Besuch des betreffenden
695 3757 3480 3915 Herrn. (Aehnlich wie die Thomas Mann-Platte, die durch Radio verbrei-
718 3879 1182 4016 tet wurde).
709 4013 3472 4180 Zwei Tonfilme, die ich hier sah, fand ich gleichermassen unerträglich.
722 4156 3525 4297 - Ein Interview, sowie eine Zeichnung (fürs Berliner Tagblatt) hab ich
