3686 4667
2262 354 2765 490 Riva, 6.8.192
652 414 1866 551 An A.S. nach Karerpass-Hotel.
2205 447 2988 605 Hotel Lido Palace.
644 654 3372 769 Mein Liebstes, es ist 7 Uhr Früh, ich bin gerade aufgewacht und fange
647 763 3383 890 gleich an Dir zu schreiben, denn es wirdwohl wieder ein langer Brief
649 901 3385 1062 werden. Du bist sicher auch schon auf und schaust beim Coupéfenster
617 1029 2796 1141 hinaus. Ich hoffe, Du hast gut und bequem geschlafen.
1172 1179 3348 1286 Ich wünschte sehr heute endlich von Dir zu hören, denn
665 1271 3380 1432 es ist ein sonderbares Gefühl so gar nichts von einander zu wissen,
693 1418 3372 1558 wenn man gewohnt war sich täglich zu sprechen, wenn nicht zu sehen.
1217 1578 3260 1702 Nun will ich Dir aber meine weiteren Eindrücke und
682 1656 3249 1797 Erlebnisse von Riva schildern. Gestern spät aufgestanden, erst um
743 1806 3267 1939 2 10 gefühstückt, dann Kellermanns "Schwedenklér" zu lesen be-
598 1960 3388 2098 gonnen (begeistert mich nicht). Um 11 Uhr im Badeanzug mit Badecape
740 2083 3383 2215 Et Cary in die Badeanstalt gewandert und dort eine halbe Stunde in
684 2185 3305 2313 der Sonne gelegen, um mich durchwärmen zu lassen. Das Wasser hatte
692 2335 3253 2473 15 Grad und unter 17 gehe ich wohl kaum hinein. Die Anstalt ist
661 2474 3336 2589 übrigens höchst unsympathisch, sehr klein, so dass man in allzu nahe
637 2601 3272 2734 Berührung mit all den Grauslichkeiten kommt. Einen Badestrand oder
628 2726 3257 2870 so etwas ähnliches gibt es nicht. Wenn ich an das schöne Bad von
673 2852 3280 3006 Brioni denke, an die Terrassen, auf denen man dort herum lag. Also
687 3003 3208 3146 ich sonnte mich, angeekelt von der Umgebung, aber in dem weitaus
646 3123 3371 3254 schönsten Badeanzug neben Cary. Dann kleideten wir uns an gingen zu
643 3257 3372 3395 Tisch, ruhten uns vom Nichtstun aus und machten, um 3 Uhr einen wun-
1346 3333 1501 3420 flug
628 3366 3533 3519 d ervollen Autoausfang im Gesellschaftsauto, der mich in bekannte Gegen-
615 3488 3251 3677 den führte: über Castello d'Arco, Castello di Grena,Madruzzo nach
628 3639 3408 3784 Castello Toblino. Castello Toblino ist aber nicht mehr Hotel, sondern
649 3754 3389 3888 in Privatbesitz übergegangen und der Eintritt strengstens verboten.
636 3909 3326 4037 Wir haben daher in einem kleinen Beisel inSarche schlechten Kaffee
643 4041 3343 4161 getrunken. Die Fahrt, die Landschaft - waren wirklich wundervoll und
628 4158 3479 4288 Cary war sehr entzückt. Für mich wurde die Gegenwart zu einer starken,
636 4290 1628 4428 lebendigen Erinnerung.
3467 9 3583 103 4
3489 90 3568 233 182
