3677 4667
1583 243 1754 421 VI.
608 369 1292 551 An A.S.Karersee.
2322 389 2988 560 Riva, 10.8.1925.
607 565 1137 766 Mein Liebes,
1086 743 3232 891 also heute Früh kam Dein erster Brief vom Karerpass-
611 860 3338 1017 Hotel - man muss mit 3 Tagen rechnen bei einer Entfernung von kaum
610 1016 3274 1127 6 Stunden. Solche Zustände gab es doch vor dem Krieg nicht. Da es
613 1120 3312 1272 aber einmal so ist, bitte ich Dich die Antwort auf diesen Brief ex-
602 1284 3378 1399 press abzusenden, wenn Du mir nicht schon vorher bestimmte Pläne mit-
605 1378 3294 1516 geteilt und Vorschläge für mich gemacht hast. Ich möchte halt doch
616 1524 3231 1631 spätestens Donnerstag Früh wissen, was mit mir wird, da Carl am
617 1660 3246 1822 Samstag in der Früh abreist. Wie wäre es, wenn ich Carl begleitete
612 1792 3216 1923 und Dich am 16. oder 17. in Bozen (Hotel Laurin) treffen würde, wo
608 1905 3216 2072 wir dann mündlich besprechen könnten, an welchem Ort ich die paar
611 2040 3408 2159 Tage Deines Alleinseins auf Dichswarten soll, ob in Tirol,ob am Garda-
587 2167 3324 2280 see oder gar in der Schweiz. Carl fährt am 16. Nachmittag von Bozen
615 2301 3290 2436 fort. Ich bin natürlich gar nicht böse, wenn Du Nein sagst oder was
607 2443 3225 2556 Gescheidteres weisst. Ich möchte nur nicht zu lange hier allein
603 2555 3333 2715 sitzen. Ich bin übrigens heute nach 16 Tagen nicht wohl - vielleicht
611 2720 3443 2842 durch das lange Herumliegen in der heissen Sonne oder durch die Bäder.
627 2840 3319 2985 Diese Störungen sind recht unangenehm; da es sehr heiss ist und ich
610 2933 3305 3095 nicht ins Wasser kann, sitze ich heute fortwährend in meinem Zimmer,
603 3101 3351 3203 schreibe und xxx lese. Das Buch von Kellermann ist doch ganz hübsch,
600 3221 3205 3340 nur nicht sehr gut erzählt, finde ich. Das kleine Buch von Regina
636 3359 2180 3466 Ullmann unleidlich. Diese Affektation!
1124 3481 3246 3601 Von gestern ist noch nachzutragen, dass ich um 16 Uhr
566 3612 3230 3728 mit Carli aufs Wasser ging und er mich aine Stunde herumrunderte.
593 3731 3390 3865 Es war ein herrlicher Abend. Ueber der Bläue des Sees und des Himmels
590 3862 1825 4029 lag ein feiner Silberschleier.
1142 4022 3443 4144 Nach dem Nachtmahl sass ich wieder mit den beiden Herren
576 4152 3408 4275 am Tanzplatz. Die zudringliche Hofmacherei des Herrn v.F. machte mich
3452 91 3568 253 196
