3690 4703
518 367 1211 535 An A.S.,Venedig.
1971 373 2942 523 Wien,Freitag,22.4.1927.
523 629 1060 748 Mein Liebes,
1020 764 3321 873 vor allem will ich Dir über den gestrigen Besuch des Do-
517 897 3328 1040 zenten Elias berichten. Er war fast eine Stunde da und hat mir wieder
533 1030 3333 1178 den besten Eindruck gemacht. Er sagt, ich soll unbedingt noch ein paar
528 1140 3332 1296 Tage liegen, aber vorläufig gar keine Kur gebrauchen, da die Galle erst
524 1297 3374 1396 zur Ruhe kommen muss. Sehr strenge Diät etc. etc. Erst wenn ich ein paar
526 1433 3294 1541 Tage keine Anfälle habe, wird an eine Kur gedacht. Er glaubt, dass ich
528 1558 3357 1700 in 3-4 Tagen so weit sein werde. Gestern war ein recht trüber Tag, aber
518 1676 3335 1807 heute bin ich zuversichtlicher. Heute Nachmittag kommt Frieda und ich
518 1812 3329 1987 hoffe diktieren zu können (Komödie der Verführung). Gisela B. und Byk
516 1937 3406 2093 habe ich auf Sonntag Nachmittag verschoben. Jetzt freue ich mich Deinem
519 2083 3323 2189 morgigen Brief entgegen. Ich hofte, Du hast dort gutes Wetter und ver-
523 2213 3360 2317 gnügte Tage. Ich habe Venedig so lebhaft vor mir, dass ich Dich ordent-
512 2337 1597 2460 lich dort herumgehen sehe.
1067 2454 3332 2599 Richtig, - zur Verbesserung meiner Stimmung kam gestern
517 2583 3261 2741 eine sehr höfliche Absage von Horch. Die Briefe an Fischer, Benedikt,
513 2722 3224 2879 Géraldy sind fortgegangen, aber ich befind mich derzeit unter keinem
546 2854 3271 3001 gütigen Stern. Ich bin schon sehr neugierg auf Deinen Bericht, Deine
542 2973 3353 3176 Eindrücke, Wohnungsaussichten etc. Schreibe mir gute Briefe, sie müssen
567 3123 1948 3243 nicht lang sein. Ich umarme Dich.
1450 3244 1915 3366 Deine C.A.
