3690 4707
2024 283 3154 429 Wien, vom 24. auf 25.12.1926
595 362 942 516 An A.S.
2029 399 2713 520 um 1/2 1 Uhr Nacht.
615 556 3368 732 Liebster, ich bin eben halb erfroren in meinem Bett gelandet und will
2303 658 2590 762 lieber
2864 664 3259 741 mein Heim
623 712 3309 833 nicht einschlafen, ohne Dir wenigstens einen Gedanken und in diesen
607 852 3150 1002 Zeilen geschickt zu haben. Zum Erzählen bin ich heute schon zu
617 970 3135 1096 schläfrig, aber gleich wenn ich erwache will ich es tun. Wie Du
615 1082 3433 1260 sienst, habe ich alles zum Schreiben bei der Hand. Für jetzt nur einen
603 1214 1548 1352 Kuss und gute Nacht! -
958 1357 3301 1491 Leider habe ich trotz Schlafmittel bis 3 Uhr Früh wach ge-
613 1447 3177 1650 legen und bin daher erst jetzt um 19 erwacht. Gestern Abend bei
612 1636 3237 1783 Wellezz war es wirklich sehr stimmungsvoll. Um 7 Uhr Bescheerung,
599 1751 3342 1868 Egon und die kleine Liesl spielten zusammen irgend eine schöne alte
597 1858 3365 2042 Melodie (er Klavier, sie Geige). Baum bis zur Decke, silberüberrißelt,
609 1992 3355 2147 viele Geschenke auf kleinen Tischen verteilt. Nachher Familiensouper
601 2142 3334 2301 und schliesmlich bei 9 Grad Kälte durch den Kaasgraben zur Elektri-
584 2272 3405 2387 schen, die in dieser Gegend bis 12 Uhr Nachta verkehrt. Gestern noch
647 2377 3329 2540 in der Stadt Besorgungen. Dann habe ich zuhause Weihnachtspackerin
584 2507 3366 2699 gemacht und mir meinen eigenen Tisch hergerichtet. Eine Leiner herr-
628 2647 3489 2804 lichen Taschen und die braunen gefütterten Handschung habe ich gestern
582 2813 3418 2941 Abend eingeweiht, damit etwas von Dir mich begleitet. Ich habe schreck-
592 2935 3384 3069 lich viel von Dir bekommen und danke Dir noch sehr, wenn Du auch nicht
564 3059 3432 3204 maget, dass ich es tue. Nur die Photographien sind mir gar nicht recht.
587 3193 3484 3344 Diese Ganz hat die schlechtesten aus dem Alban ausgeaucht und nicht die,
597 3308 3422 3479 die ich wollte. So siehst Du nur aus, wenn Du in Deiner ganz bösen Laune
592 3461 3331 3600 bist und wenn Du mir ein Unrecht zugefügt hast und es nicht zugeben
584 3556 919 3739 willst.
982 3691 3442 3819 Am Nachmittag war Frieda einen Sprung da, brachte mir Blumen
584 3837 3467 3999 und Zuckerin, dann mein Bruder Jtto. Anrufe von Byck, Puton, Hermine. Byck
577 3956 3194 4119 ladet mich und Gisella Berger für Donnerstag Nachmittag zum Thee.
568 4081 3208 4243 Heute kommt sie allein zu mir. Ich schreibe Dir heute gegen Abend
563 4234 3420 4394 noch einmal, aber ich will diese Zeilen gleich an die Hauptpost seinem.
3403 114 3565 246 nett
