<?xml version="1.0" encoding="UTF-8" standalone="yes"?>
<PcGts xmlns="http://schema.primaresearch.org/PAGE/gts/pagecontent/2013-07-15" xmlns:xsi="http://www.w3.org/2001/XMLSchema-instance" xsi:schemaLocation="http://schema.primaresearch.org/PAGE/gts/pagecontent/2013-07-15 http://schema.primaresearch.org/PAGE/gts/pagecontent/2013-07-15/pagecontent.xsd">
    <Metadata>
        <Creator>prov=READ-COOP:name=TrHtr:version=0.0.6:model_id=44522:date=25_11_2022_11:53</Creator>
        <Created>2022-11-17T16:36:26.493+01:00</Created>
        <LastChange>2022-11-25T11:53:49.415Z</LastChange>
        <TranskribusMetadata docId="1233893" pageId="50264630" pageNr="789" tsid="105032838" status="IN_PROGRESS" userId="40391" imgUrl="https://files.transkribus.eu/Get?id=RZNBLDSLOFAPIQBGULKPMTTQ&amp;fileType=view" xmlUrl="https://files.transkribus.eu/Get?id=XTVSQNVZVEEWCSLDAQPJVMWX" imageId="41051041">
            <Property key="mdSetName" value="myMdSet"/>
            <Property key="property2"/>
            <Property key="property1"/>
        </TranskribusMetadata>
    </Metadata>
    <Page imageFilename="HIN-155550_0789.tif" imageWidth="3782" imageHeight="4638">
        <ReadingOrder>
            <OrderedGroup id="ro_1669749964143" caption="Regions reading order">
                <RegionRefIndexed index="0" regionRef="r1"/>
            </OrderedGroup>
        </ReadingOrder>
        <TextRegion id="r1" custom="readingOrder {index:0;}">
            <Coords points="681,240 681,4402 3522,4402 3522,240"/>
            <TextLine id="r1l1" custom="readingOrder {index:0;}">
                <Coords points="3254,386 3303,379 3326,360 3436,382 3423,168 3378,171 3341,198 3319,192 3289,212 3259,189 3242,190"/>
                <Baseline points="3266,308 3295,311 3324,309 3354,306 3383,304 3413,302"/>
                <TextEquiv>
                    <Unicode>2a</Unicode>
                </TextEquiv>
            </TextLine>
            <TextLine id="r1l2" custom="readingOrder {index:1;}">
                <Coords points="2375,403 2438,379 2564,378 2627,424 2714,389 2778,420 2777,266 2651,308 2606,308 2564,273 2452,295 2375,284"/>
                <Baseline points="2391,371 2417,371 2443,371 2470,371 2496,371 2522,372 2549,372 2575,372 2601,372 2628,372 2654,372 2680,372 2707,371 2733,369 2760,368"/>
                <TextEquiv>
                    <Unicode>3.7.1930.</Unicode>
                </TextEquiv>
            </TextLine>
            <TextLine id="line_1668776160980_6390" custom="readingOrder {index:2;}">
                <Coords points="966,612 3301,609 3300,461 965,500"/>
                <Baseline points="984,575 1012,577 1041,578 1069,576 1098,575 1127,576 1923,570 1994,570 2066,570 2137,570 2209,569 2280,569 2352,569 2423,569 2495,569 2566,569 2638,569 2709,569 2781,569 2852,569 2924,569 2995,567 3067,567 3138,566 3210,564 3282,563"/>
                <TextEquiv>
                    <Unicode>Bis 6 Uhr zuhause, "Zug der Schatten" durchgelesen. Obwohl</Unicode>
                </TextEquiv>
            </TextLine>
            <TextLine id="line_1668776165084_6395" custom="readingOrder {index:3;}">
                <Coords points="704,728 2927,759 3330,722 3329,610 703,641"/>
                <Baseline points="720,710 759,708 798,707 837,707 877,707 916,707 955,707 995,707 1034,707 1073,707 1113,708 1152,708 1191,708 1230,708 1270,710 1309,710 1348,710 1388,708 1427,708 1466,708 1506,707 1776,704 1852,704 1929,704 2006,704 2083,704 2159,702 2236,702 2313,702 2390,701 2466,701 2543,701 2620,699 2697,699 2773,699 2850,698 2927,698 3004,698 3080,698 3157,698 3234,698 3311,699"/>
                <TextEquiv>
                    <Unicode>ich das Stück mit mehr innerer Ruhe gleich nochmals lesen werde,</Unicode>
                </TextEquiv>
            </TextLine>
            <TextLine id="line_1668776169357_6400" custom="readingOrder {index:4;}">
                <Coords points="732,879 2854,890 3491,842 3491,730 732,784"/>
                <Baseline points="750,834 804,836 859,837 913,837 968,839 1023,839 1077,839 1132,839 1186,839 1241,839 1296,837 1350,837 1405,837 1459,837 1514,836 1569,836 1623,836 1678,836 1732,836 1787,836 1842,836 1929,834 2006,834 2083,833 2160,833 2238,833 2315,833 2392,831 2469,831 2547,831 2624,831 2701,831 2778,830 2856,830 2933,830 3010,830 3087,830 3165,828 3242,828 3319,827 3396,827 3474,825"/>
                <TextEquiv>
                    <Unicode>möchte ich über den frischen Eindruck vorerst folgendes sagen; halte</Unicode>
                </TextEquiv>
            </TextLine>
            <TextLine id="r1l9" custom="readingOrder {index:5;}">
                <Coords points="725,1002 3305,983 3354,892 724,915"/>
                <Baseline points="743,966 872,966 1002,966 1131,966 1261,966 1391,966 1520,966 1650,966 1780,966 1909,965 2039,965 2169,965 2298,964 2428,963 2558,963 2687,962 2817,961 2947,960 3076,959 3206,957 3336,956"/>
                <TextEquiv>
                    <Unicode>die Theaterwirkung für durchaus sicher,ziehe es nach wie vor dem</Unicode>
                </TextEquiv>
            </TextLine>
            <TextLine id="r1l10" custom="readingOrder {index:6;}">
                <Coords points="706,1119 3416,1118 3415,974 706,1018"/>
                <Baseline points="722,1095 855,1097 989,1097 1123,1098 1257,1098 1391,1098 1524,1098 1658,1098 1792,1098 1926,1097 2060,1097 2193,1097 2327,1095 2461,1095 2595,1095 2729,1094 2862,1094 2996,1094 3130,1094 3264,1094 3398,1094"/>
                <TextEquiv>
                    <Unicode>"Spiel der Sommerlüfte" vor, finde im Kaffeehausbild ein Ritardando</Unicode>
                </TextEquiv>
            </TextLine>
            <TextLine id="r1l11" custom="readingOrder {index:7;}">
                <Coords points="689,1245 2786,1314 3448,1264 3490,1148 689,1175"/>
                <Baseline points="707,1229 845,1229 983,1230 1122,1230 1260,1230 1398,1230 1537,1230 1675,1230 1813,1230 1952,1230 2090,1229 2228,1229 2367,1229 2505,1227 2643,1227 2782,1227 2920,1226 3058,1226 3197,1226 3335,1224 3474,1224"/>
                <TextEquiv>
                    <Unicode>nötig, ehe Richard den Brief schreibt. Irgend etwas muss noch treiben-</Unicode>
                </TextEquiv>
            </TextLine>
            <TextLine id="r1l12" custom="readingOrder {index:8;}">
                <Coords points="697,1385 3239,1396 3424,1315 696,1290"/>
                <Baseline points="713,1361 847,1361 982,1361 1117,1361 1251,1361 1386,1361 1521,1361 1655,1361 1790,1361 1925,1361 2060,1361 2194,1361 2329,1359 2464,1359 2598,1359 2733,1358 2868,1358 3002,1356 3137,1356 3272,1355 3407,1353"/>
                <TextEquiv>
                    <Unicode>de Kraft werden, - etwa Bemerkungen oder ein Gespräch über Schauspie-</Unicode>
                </TextEquiv>
            </TextLine>
            <TextLine id="r1l13" custom="readingOrder {index:9;}">
                <Coords points="706,1519 3339,1515 3167,1392 706,1431"/>
                <Baseline points="725,1493 854,1493 984,1493 1114,1493 1244,1493 1373,1493 1503,1493 1633,1491 1763,1491 1892,1491 2022,1491 2152,1491 2282,1491 2411,1491 2541,1491 2671,1490 2801,1490 2930,1490 3060,1490 3190,1490 3320,1490"/>
                <TextEquiv>
                    <Unicode>lerinnen, ohne dass der Name Franzi fällt, Nach der Schachpartie</Unicode>
                </TextEquiv>
            </TextLine>
            <TextLine id="r1l14" custom="readingOrder {index:10;}">
                <Coords points="704,1642 3022,1674 3298,1639 3298,1516 1831,1583 704,1520"/>
                <Baseline points="720,1623 848,1623 976,1623 1104,1623 1232,1623 1360,1623 1488,1623 1616,1623 1744,1622 1872,1622 2001,1622 2129,1622 2257,1622 2385,1622 2513,1622 2641,1622 2769,1623 2897,1623 3025,1623 3153,1623 3282,1625"/>
                <TextEquiv>
                    <Unicode>während Richard scheinbar die Zeitung liest. Es handelt</Unicode>
                </TextEquiv>
            </TextLine>
            <TextLine id="r1l15" custom="readingOrder {index:11;}">
                <Coords points="746,1814 3256,1782 3256,1695 3039,1666 746,1649"/>
                <Baseline points="764,1749 887,1751 1011,1752 1134,1754 1258,1754 1382,1754 1505,1754 1629,1754 1753,1754 1876,1754 2000,1754 2124,1754 2247,1752 2371,1752 2495,1752 2618,1752 2742,1752 2866,1752 2989,1752 3113,1754 3237,1754"/>
                <TextEquiv>
                    <Unicode>sich da um ein paar scharfe oder starke Worte vielleicht. Sonst</Unicode>
                </TextEquiv>
            </TextLine>
            <TextLine id="r1l16" custom="readingOrder {index:12;}">
                <Coords points="704,1891 3540,1904 3463,1809 704,1817"/>
                <Baseline points="722,1878 862,1881 1002,1883 1142,1883 1282,1884 1422,1884 1562,1884 1702,1884 1842,1884 1982,1884 2122,1883 2262,1883 2402,1881 2542,1881 2682,1881 2822,1881 2962,1881 3102,1881 3242,1883 3382,1883 3522,1886"/>
                <TextEquiv>
                    <Unicode>finde ich gerade diesen Bild mehr gut. Das letzte Bild ist sehr schön,</Unicode>
                </TextEquiv>
            </TextLine>
            <TextLine id="r1l17" custom="readingOrder {index:13;}">
                <Coords points="742,2045 3281,2052 3393,1933 742,1940"/>
                <Baseline points="761,2012 891,2012 1022,2012 1152,2012 1283,2013 1414,2013 1544,2013 1675,2013 1806,2013 1936,2013 2067,2013 2198,2013 2328,2013 2459,2013 2590,2013 2720,2013 2851,2013 2982,2013 3112,2012 3243,2012 3374,2012"/>
                <TextEquiv>
                    <Unicode>besonders der Ausklang, nur halte ich das letzte Zusammensein zwi-</Unicode>
                </TextEquiv>
            </TextLine>
            <TextLine id="r1l18" custom="readingOrder {index:14;}">
                <Coords points="736,2147 3397,2162 3397,2077 2746,2042 736,2056"/>
                <Baseline points="753,2141 884,2141 1015,2141 1146,2141 1278,2142 1409,2142 1540,2142 1671,2142 1803,2144 1934,2144 2065,2144 2196,2144 2328,2144 2459,2144 2590,2144 2721,2144 2853,2144 2984,2144 3115,2144 3246,2144 3378,2144"/>
                <TextEquiv>
                    <Unicode>schen Richard und Ludwig für ganz überflüssig und irgendwie pein-</Unicode>
                </TextEquiv>
            </TextLine>
            <TextLine id="r1l19" custom="readingOrder {index:15;}">
                <Coords points="699,2323 3161,2317 3354,2209 700,2200"/>
                <Baseline points="717,2271 847,2273 978,2273 1109,2273 1240,2273 1371,2274 1502,2274 1633,2274 1764,2274 1895,2276 2026,2276 2156,2276 2287,2276 2418,2276 2549,2277 2680,2277 2811,2277 2942,2277 3073,2276 3204,2276 3335,2276"/>
                <TextEquiv>
                    <Unicode>lich. Ludwig sollte sich mit aufgestelltem Rockkragen drücken, ehe</Unicode>
                </TextEquiv>
            </TextLine>
            <TextLine id="r1l20" custom="readingOrder {index:16;}">
                <Coords points="662,2427 1093,2410 1359,2453 1481,2407 1807,2446 1852,2432 1852,2313 1649,2359 1506,2320 1446,2355 1219,2323 879,2361 662,2322"/>
                <Baseline points="681,2402 738,2402 796,2403 854,2403 911,2403 969,2403 1027,2403 1084,2403 1142,2403 1200,2403 1258,2403 1315,2402 1373,2402 1431,2402 1488,2402 1546,2403 1604,2403 1661,2403 1719,2405 1777,2405 1835,2406"/>
                <TextEquiv>
                    <Unicode>Richard aufxxxxx auftaucht.</Unicode>
                </TextEquiv>
            </TextLine>
            <TextLine id="r1l21" custom="readingOrder {index:17;}">
                <Coords points="1083,2579 3425,2557 3425,2462 3152,2430 1083,2446"/>
                <Baseline points="1101,2528 1216,2529 1331,2531 1446,2532 1562,2532 1677,2532 1792,2534 1908,2534 2023,2534 2138,2534 2254,2534 2369,2534 2484,2534 2599,2534 2715,2534 2830,2534 2945,2534 3061,2535 3176,2535 3291,2536 3407,2537"/>
                <TextEquiv>
                    <Unicode>Das Gespräch Mathilde - Richard zum Schluss, das Hinsetzen</Unicode>
                </TextEquiv>
            </TextLine>
            <TextLine id="r1l22" custom="readingOrder {index:18;}">
                <Coords points="738,2679 3427,2655 3269,2571 738,2560"/>
                <Baseline points="755,2663 887,2663 1020,2664 1153,2664 1286,2666 1418,2666 1551,2666 1684,2666 1817,2666 1949,2666 2082,2666 2215,2666 2348,2666 2480,2666 2613,2666 2746,2666 2879,2666 3011,2666 3144,2664 3277,2664 3410,2664"/>
                <TextEquiv>
                    <Unicode>Mathildens gefällt mir sehr. Nur an ein paar Stellen streift die-</Unicode>
                </TextEquiv>
            </TextLine>
            <TextLine id="r1l23" custom="readingOrder {index:19;}">
                <Coords points="734,2813 3234,2841 3500,2813 3500,2736 734,2739"/>
                <Baseline points="752,2793 888,2795 1025,2796 1161,2796 1298,2796 1434,2798 1571,2798 1707,2798 1844,2796 1980,2796 2117,2796 2254,2796 2390,2796 2527,2796 2663,2796 2800,2796 2936,2798 3073,2798 3209,2799 3346,2802 3483,2804"/>
                <TextEquiv>
                    <Unicode>ses Gespräch an die Komödie der Verführung -Falkenir-Aurelie,</Unicode>
                </TextEquiv>
            </TextLine>
            <TextLine id="r1l24" custom="readingOrder {index:20;}">
                <Coords points="735,2946 3340,2994 3294,2861 2801,2836 735,2879"/>
                <Baseline points="752,2924 880,2924 1009,2925 1137,2925 1266,2927 1395,2927 1523,2927 1652,2928 1780,2928 1909,2928 2038,2928 2166,2928 2295,2928 2423,2928 2552,2928 2681,2928 2809,2928 2938,2928 3066,2928 3195,2928 3324,2927"/>
                <TextEquiv>
                    <Unicode>was sich leicht vermeiden liesse. Ich wäre für etwas kürzer und</Unicode>
                </TextEquiv>
            </TextLine>
            <TextLine id="r1l25" custom="readingOrder {index:21;}">
                <Coords points="743,3097 3064,3105 3306,3088 3306,2990 743,2999"/>
                <Baseline points="761,3054 887,3057 1013,3059 1139,3059 1266,3060 1392,3060 1518,3062 1645,3062 1771,3062 1897,3062 2024,3062 2150,3062 2276,3062 2402,3062 2529,3062 2655,3062 2781,3062 2908,3062 3034,3063 3160,3063 3287,3065"/>
                <TextEquiv>
                    <Unicode>etwas stärker. Ich werde darauf noch nach der zweiten Lektüre</Unicode>
                </TextEquiv>
            </TextLine>
            <TextLine id="r1l26" custom="readingOrder {index:22;}">
                <Coords points="709,3223 852,3213 950,3260 1013,3225 1048,3243 1091,3204 1140,3219 1224,3202 1224,3135 1196,3125 1158,3135 1119,3117 1098,3138 1028,3138 976,3106 906,3112 871,3094 821,3136 709,3132"/>
                <Baseline points="728,3183 753,3185 778,3185 803,3185 828,3185 853,3185 878,3185 903,3185 928,3185 953,3186 979,3186 1004,3186 1029,3186 1054,3186 1079,3186 1104,3186 1129,3187 1154,3188 1179,3188 1205,3188"/>
                <TextEquiv>
                    <Unicode>zurükkommen.</Unicode>
                </TextEquiv>
            </TextLine>
            <TextLine id="r1l27" custom="readingOrder {index:23;}">
                <Coords points="1009,3330 3481,3365 3481,3256 3096,3226 1009,3257"/>
                <Baseline points="1028,3312 1149,3314 1271,3315 1393,3315 1514,3317 1636,3317 1758,3318 1879,3318 2001,3318 2123,3318 2245,3318 2366,3318 2488,3320 2610,3320 2731,3320 2853,3320 2975,3321 3096,3321 3218,3323 3340,3324 3462,3326"/>
                <TextEquiv>
                    <Unicode>Das Bild im Logengang ist noch immer das schwächste. Zu viel</Unicode>
                </TextEquiv>
            </TextLine>
            <TextLine id="r1l28" custom="readingOrder {index:24;}">
                <Coords points="735,3476 3154,3511 3343,3470 3343,3361 735,3385"/>
                <Baseline points="753,3443 881,3444 1010,3444 1138,3446 1267,3447 1395,3447 1524,3447 1652,3449 1781,3449 1909,3449 2038,3449 2167,3449 2295,3450 2424,3450 2552,3450 2681,3450 2809,3450 2938,3452 3066,3452 3195,3452 3324,3453"/>
                <TextEquiv>
                    <Unicode>Durcheinander, zu viel Konflikte, zum viel Peinlichkeit. Die Roveda</Unicode>
                </TextEquiv>
            </TextLine>
            <TextLine id="r1l29" custom="readingOrder {index:25;}">
                <Coords points="734,3594 3469,3649 3469,3484 734,3503"/>
                <Baseline points="753,3576 887,3576 1022,3576 1157,3576 1292,3576 1427,3576 1562,3578 1696,3578 1831,3578 1966,3579 2101,3579 2236,3581 2371,3581 2506,3581 2640,3581 2775,3582 2910,3581 3045,3581 3180,3581 3315,3579 3450,3578"/>
                <TextEquiv>
                    <Unicode>spielt eine zu grosse Rolle. Der Kuss muss fort. Er stört die hüb-</Unicode>
                </TextEquiv>
            </TextLine>
            <TextLine id="r1l30" custom="readingOrder {index:26;}">
                <Coords points="739,3717 3449,3739 3382,3627 739,3650"/>
                <Baseline points="755,3704 888,3704 1022,3705 1156,3705 1290,3707 1424,3707 1557,3708 1691,3708 1825,3708 1959,3710 2093,3710 2226,3710 2360,3710 2494,3711 2628,3711 2762,3711 2895,3711 3029,3711 3163,3711 3297,3711 3431,3711"/>
                <TextEquiv>
                    <Unicode>sche Beziehung Karl-Helene. Ludwig spielt schon eine recht unsympa-</Unicode>
                </TextEquiv>
            </TextLine>
            <TextLine id="r1l31" custom="readingOrder {index:27;}">
                <Coords points="736,3860 3499,3860 3303,3748 2890,3733 736,3787"/>
                <Baseline points="755,3836 891,3836 1027,3836 1163,3836 1300,3836 1436,3836 1572,3837 1708,3837 1845,3837 1981,3837 2117,3837 2253,3839 2390,3839 2526,3839 2662,3840 2798,3840 2935,3840 3071,3840 3207,3842 3343,3842 3480,3842"/>
                <TextEquiv>
                    <Unicode>thische Figur, Richard ist ein wenn auch nicht unsympathischer</Unicode>
                </TextEquiv>
            </TextLine>
            <TextLine id="r1l32" custom="readingOrder {index:28;}">
                <Coords points="742,3995 3281,4013 3306,3869 743,3904"/>
                <Baseline points="759,3962 885,3963 1011,3965 1138,3965 1264,3966 1391,3966 1517,3966 1643,3966 1770,3968 1896,3968 2023,3968 2149,3968 2275,3968 2402,3969 2528,3969 2655,3969 2781,3971 2907,3972 3034,3974 3160,3975 3287,3977"/>
                <TextEquiv>
                    <Unicode>Schwächling. Lass den Dichter reinlich und einen Mann sein. Man</Unicode>
                </TextEquiv>
            </TextLine>
            <TextLine id="r1l33" custom="readingOrder {index:29;}">
                <Coords points="701,4123 2805,4162 3309,4128 3310,4048 701,4022"/>
                <Baseline points="719,4092 847,4092 976,4094 1105,4094 1233,4094 1362,4095 1491,4095 1619,4097 1748,4097 1877,4097 2006,4097 2134,4098 2263,4098 2392,4098 2520,4098 2649,4100 2778,4100 2906,4100 3035,4100 3164,4100 3293,4100"/>
                <TextEquiv>
                    <Unicode>kann sich der Verführung einer Roveda nocht entziehen, besonders</Unicode>
                </TextEquiv>
            </TextLine>
            <TextLine id="r1l34" custom="readingOrder {index:30;}">
                <Coords points="897,4180 1065,4167 1065,4104 1048,4103 1030,4114 1013,4110 1006,4117 964,4113 957,4120 950,4113 897,4113"/>
                <Baseline points="914,4164 940,4167 966,4167 993,4167 1019,4166 1046,4167"/>
                <TextEquiv>
                    <Unicode>mais</Unicode>
                </TextEquiv>
            </TextLine>
            <TextLine id="r1l35" custom="readingOrder {index:31;}">
                <Coords points="707,4275 3494,4247 3390,4155 2595,4123 707,4170"/>
                <Baseline points="725,4226 862,4226 1000,4227 1137,4227 1275,4227 1412,4229 1550,4229 1687,4230 1825,4230 1962,4232 2100,4232 2238,4233 2375,4233 2513,4235 2650,4235 2788,4236 2925,4236 3063,4236 3200,4238 3338,4238 3476,4239"/>
                <TextEquiv>
                    <Unicode>wenn eine Andere wirklich lieb hat. Ob Frau Eyderhof im Theater sein</Unicode>
                </TextEquiv>
            </TextLine>
            <TextLine id="r1l36" custom="readingOrder {index:32;}">
                <Coords points="723,4396 3097,4439 3450,4391 3451,4282 723,4280"/>
                <Baseline points="740,4362 874,4364 1009,4365 1144,4367 1278,4368 1413,4368 1548,4370 1682,4370 1817,4370 1952,4370 2087,4370 2221,4370 2356,4370 2491,4370 2625,4370 2760,4370 2895,4370 3029,4370 3164,4370 3299,4370 3434,4371"/>
                <TextEquiv>
                    <Unicode>muss ist auch die Frage. Schliesslich ist ihr Liebhaber (wenn auch</Unicode>
                </TextEquiv>
            </TextLine>
            <TextEquiv>
                <Unicode>































</Unicode>
            </TextEquiv>
        </TextRegion>
    </Page>
</PcGts>
