3759 4707
2075 257 2888 406 27.12.1926. Bl.2.
748 368 3368 523 nach – lehnte ich eine solche Unterredung als vorläufig nutzlos
755 542 2691 654 ab.– (Elisabeth B. hat noch nicht telefoniert.) –
759 635 3283 772 Heute Abend zu Hamlet kein Billet, sehe ich mir Fräulein Carola
753 804 3415 960 Neher, die ans Burgtheater und für die Leonilda – nach Herterich –
752 952 3293 1072 der sie engagiert hat ohne sie zu kennen – in Betracht kommt –
760 1064 1973 1176 in Wedekinds Liebestrank an.–
760 1217 3330 1322 Aus Venedig ein wenig sagender Brief von Lili... Das Wetter ist
765 1319 3404 1479 kalt und grau; meine Stimmung grösstenteils bedingt, nicht hervor¬
748 1456 1057 1596 ragend.
750 1563 2647 1748 Lebwohl mein Liebstes, und sei zärtlich umarmt.
1386 1709 1614 1846 Dein
1671 1851 1770 1960 A
