3770 4718
2043 294 3492 420 19. April 1928. An Bord der xxx
2122 397 3398 519 "Stella d'Italia",11 Uhr Nachts.
793 550 3493 686 Mein Liebes, ich schreibe diese Zeilen in meiner Kajüte; die Kinder
814 703 3606 826 sind in die Stadt gefahren aus brennendem Interesse für das Athenaen-
829 799 949 875 ser
803 838 3399 969 Nachtleben, das ichmir schenke. Gestern am frühen Nachmittag sind
813 967 3412 1067 wir hier angekommen; die meisten Passagiere fuhren sofort rudel-
801 1102 3418 1213 weise von Piräus nach Athen. Wir liessen uns Zeit,liessen uns um
811 1236 3411 1370 5 Uhr ans Land setzen und autelten in die Stadt, die 12 Kilometer
807 1357 3448 1475 entfernt vom Hafen Piräus liegt. Unglaubliche Strassen völler Lö-
815 1485 3335 1603 cher, die Vorstadt Piräus selbst armselig und lärmend. Erst von
807 1627 3307 1764 Phaleron aus, der zweite eleganters Hafen, - im Sommer auch See-
812 1766 3474 1874 bad eine schöne breite asphaltierte Strasse nach Athen. Nur eini -
813 1891 3282 2022 ge wenige schöne Strassen, vor allem der Boulevard, in dem sich
801 2039 3370 2157 der asphaltirte Weg fortsetzt, vorbei an den grossartigen Resten
793 2133 3534 2286 des Oly......... ein ungeheuerer Platz schliesst den Boulevard
797 2284 3404 2415 in seinem schönsten Theil ab; - seitlich das elegante Hotel Grand
802 2401 3357 2540 Bretagne; - Mimi und Viki waren ausgeflogen. Wir bummelten umher
811 2537 3211 2687 in der Stadt selbst, im Sta.... in dessen Mitte sich die 13
796 2659 3406 2762 Säulen des Clympion erheben; - ringaum, doch ziemlich entrückt die
804 2787 3297 2936 beinah durchaus kahlen Hügel und Berge, nur da und dort an den
800 2935 3352 3082 Hängen mit Wäldern bestanden. Ganz nah, fast noch im Centrum der
807 3067 3459 3210 Stadt die Akropolis - Wir begnügen uns vorläufig sie von unten zu
799 3177 3361 3294 betrachten. - Sie liegt wie die ganze Landschaft und das bebaute
798 3332 3377 3467 Gebiet in einem klaren überhellen Nachmittagslicht da; -
802 3442 3495 3566 ein breites Felsplateau, das höher scheint als es ist, aus dem weis-
800 3595 3376 3706 se Tempel in die Abendluft wachsen.- Wir fahren zurück,essen an
795 3702 3405 3812 Bord um 9 Uhr, sitzen ziemlich allein im Speisesaal - (eine Erho-
804 3844 3249 3942 lung). Dann noch auf Deck, Gespräche zwischen Arnoldo und dem
782 3942 3354 4085 Oberstleutnant Kren (die sich an der Plave gegenseitig beschos-
786 4109 3379 4231 sen haben; - über Kriegserlebnisse, Fascismus, Pacificus - deutsch,
785 4232 3306 4378 italienisch und französisch). Ich beteilige mich lebhaft, sehe
3548 112 3701 284 105
