3759 4707
1886 284 3288 458 Berlin, 30.12.1926. Hotel Esplanade.
1859 408 2316 505 (nach Wien)
756 504 3551 629 Liebste, mit dem Telefoniren gehts diesmal nicht gut; – theuer, schlecht
763 673 3303 798 und auf unbestimmte Zeit beschränkt, in die auch die Herstellung
772 790 3415 929 der Verbindung gerechnet zu werden scheint. Und in der Sylvester-
765 910 3336 1030 und Neujahrszeit wird es besonders schlecht sein; – so will ichs
766 1052 3375 1151 Montag Früh jedesfalls nochmals versuchen. Ich habe meine Abreise
765 1181 3322 1312 auf Dienstag festgesetzt: Herr Schröder kommt Montag zurück und
771 1305 3269 1420 da wird sich ein ziemlich wichtiges Gespräch ergeben. Mit den
771 1409 3383 1546 Filmsubjekten direct lässt sich nicht verhandeln. Die »Sofar-Ge¬
778 1554 3269 1693 sellschaft« hat sich nicht einmal gemeldet. Die Hegewald-Leute
781 1685 3521 1804 werde ich voraussichtlich Sonntag noch einmal sehen. Ich habe jetzt
774 1849 3423 1929 das Regiebuch durchgelesen, um die Titel wenigstens möglich zu ma¬
778 1959 3459 2090 chen. Es ist haarsträubend, auf welchem Bildungs- und ephischem Ni¬
786 2115 3415 2234 veau diese Subjekte stehen. Vorgestern erschien ein Vertreter der
782 2235 3380 2343 Kom. ---- bei mir; – wegen Reigen, da ich ablehnte, schlug er
781 2343 3472 2461 – einen Schnitzler-Cyclus vor; – da er aber von meinen sämtlichen
784 2478 3358 2632 Dramen nur eines dem Namen nach kannte, – und dieses eine Volk in
778 2608 3493 2773 Not hiess und von Schönherr war, glaubte ich auf weitere Verhandlun¬
775 2752 3411 2866 gen verzichten zu können. Barnowsky schweigt weiter; es wird wohl
777 2891 3430 3018 dabei bleiben.– Zu denken, – er geniere sich vielleicht, wäre Ueber¬
793 2954 3349 3138 schätzung: – Bequemlichkeit, nichts weiter. Das Schweigen von
782 3151 3504 3279 Elisabeth Bergner hängt gewiss damit zusammen. So hat sich in mei¬
765 3250 3495 3384 nen Theaterchancen vorläufig nichts geändert. Heute zu Mittag kommt
773 3401 3472 3508 Wiegler zu mir, zuerst allein, bei welcher Gelegenheit ich vor allem
791 3529 3472 3685 in Deiner Sache sprechen werde; dann Dr. Herz, der geschäftliche Ver¬
783 3682 3429 3823 treter von Ullstein – wahrscheinlich wegen des Romans (an den ich
781 3780 3424 3922 hier noch mit keinem Bleistift gerührt habe). – Morgen Besprechung
779 3908 3401 4042 im Fischerverlag: – das Diagramm wird wohl in 14 Tagen
779 4038 3405 4204 versendet werden; ich setze auch Deinen Bruder auf die Liste. Am
777 4180 3344 4311 Abend morgen bin ich mit Fischers bei Michaelis; Samstag Mittag
769 4310 2735 4454 mit Heini (1. Jänner), Sonntag Mittag bei Fischer.
