2794 3362
2058 220 2385 410 3.5. 29.
457 396 2495 531 nen die einzigen wirklich guten Wochen dieses Win-
466 553 2502 639 ters. Ich war zuversichtlich und Du erholtest Dich
455 686 894 784 zusehends.
817 817 2534 928 Dann brachte es O. durch allerlei Vermitt-
453 951 2569 1056 lungen zuwege, dass Arnoldo Urlaub zu Weihnachten be-
468 1076 2615 1167 kam und Du wieder nach B. fahren musstest. Du weisst,
457 1191 2533 1322 wir sind damals im zärtlichsten Einverständnis aus-
454 1342 2615 1435 einander gegangen. Du fuhrst am 1. Weihnachtstag fort,
465 1485 2426 1584 ich verbrachte den 1.Sylvesterabend in dem neuen
450 1593 2488 1704 Heim mutterseelenallein, Du bei Deiner geschiedenen
464 1733 2502 1826 Gattin. Ich hatte in der mir noch ganz ungewohnten
462 1847 2426 1996 Umgebung, bei der plötzlichen grossen Kälte, durch
456 2000 2513 2116 Schneefälle isoliert, ein Gefühl schrecklicher Ver-
459 2130 880 2233 einsamung.
859 2265 2315 2352 Dann kamst Du endlich zurück und an
458 2376 2541 2475 Deinem ganzen Verhalten, in Deinem Wesen sogar merk-
455 2526 2616 2633 te ich deutlich, dass sich die Beziehung zur O. wieder
459 2645 2505 2755 gebessert hat. Es muss wohl etwas daran sein, sonst
475 2796 2353 2915 könnte ich nicht aus Deinem Benehmen zu mir so
1297 2852 1538 2949 séneilif
468 2887 2538 3025 genau erkennen, wie Du zu ihr stehst. Ich habe daher
458 3069 2344 3170 Deiner 3. Berliner Reise ein paar Wochen später
2525 115 2698 282 233/3
