3690 4667
1250 716 2736 871 Bozen Hotel Laurin 30 ten Juni 1925
767 880 3379 1061 ein liebes Kind.-So geht's nicht weiter-Die Fortsetzung eines Zu-
515 1062 3345 1194 standes, wie er sich seit Monaten- ich kann sagen seit September, immer
502 1181 3312 1322 mehr und quälenders zwischen uns entwickelt hat ist unserer Beziehung
518 1311 2610 1444 unwürdig und kann nur zu einem bösen Ende fuhren. -
514 1428 3440 1577 Wenn Du von mir so vielen Situationen gegenuber, - die mir nicht gleich
507 1594 3430 1707 giltig sein können - Nachsicht und Einsicht verlangst, dann muss ich we-
511 1706 3369 1865 nigstens fühlen, dass Du mich lieb hast und wie Du innerlich zu mir
503 1825 804 1960 stehst.
501 1938 3324 2097 Du aber gehst hier neben mir, in Gedanken und Erinnerungen vertieft,
505 2089 3291 2199 die nichts mit mir zu tun haben, findest stundenlang kein warmes Wort
499 2221 3227 2363 keine Herzlichkeit, und wenn es Dir dann plötzlich wieder ein fällt
495 2339 3278 2519 mich anzulächeln oder zärtlich zu werden, bist Du erstaunt mich be-
508 2470 1611 2620 drückt oder kühl zu finden.
497 2618 3355 2771 Wenn wir noch Wochen des Zusammenseins zu verschwenden hätten, aber es
498 2741 1983 2887 sind doch nur diese paar armen Tage-
497 2884 3417 3012 Ich könnte um jede dieser Stunden weinen, die von Gluck und Liebe erfüllt
493 3004 2542 3131 sein sollten und die so jämmerlich vergangen sind.
485 3120 3256 3250 Wie kommt es dass Du das nicht verstehet - nicht empfindest - Du- der
501 3259 1218 3374 ein Dichter bist:
487 3390 3310 3549 Mein Kind, wenn Du mich wirklich noch lieb hast, wie Du es - wenn aus
482 3510 3325 3655 mit recht trockenen Worten immer wieder heute behauptet hast, und wenn
489 3664 3214 3797 Du das Deinige dazu tun willst, dass es wieder schön zwischen uns wir
489 3777 3258 3943 dann sag kein Wort nimm mich um den Hals und gieb mir einen Kuss, und
490 3912 1921 4024 ich will auch kein Wort mehr sagen.
492 4030 3210 4175 We'n Dir aber eine Änderung der Situation und der Stimmung zu schwer
498 4178 3316 4293 erscheint, dann - schick mir wortlos diesen Brief zuruck und ich werde
486 4309 2405 4435 wissen, was ich zu tun habe - dann reise ich.
1272 4430 2161 4564 Deine Clara Katharina
3392 102 3519 261 175
