3771 4622
650 209 1318 410 Tgb. 27.6.1931.
657 482 3481 634 Ich bringe kein Wort mehr über die Lippen. Zuhause Harry: "Wie siehst
663 617 3212 741 du aus? Kann ich dir helfen? " 4 Allonal. Jetzt weit 6 Uhr wach.
653 754 3448 887 Mit A. krxx kurzes Telefongespräch, will morgen über den Sommer weiter
646 876 3459 1017 reden. Ich reagiere nicht. Abend die Kinder bei mir, letztes gemeinsa-
655 1005 3387 1146 mes Abendessen. Nachmittag war Melingo da beim Einpacken helfen. In
657 1096 3393 1280 2 Stunden war es erledigt. Dann fuhren er und Harry gleich zur Bahn
693 1227 1551 1419 das Gepäck absenden.
658 1397 3489 1530 28.6. Vormittag mit A. Autofahrt. Er möchte eventuell nach Hofgastein.
647 1523 3496 1694 Ich sage, dass ich natürlich auch nach Hofgastein gehe, wenn es ihm lie-
658 1654 3471 1810 ber ist und er mit mir zusammen wein will. Er antwortet: "Nein, es ist
632 1796 3428 1920 mir lieber, wenn du nach Bad Gastein gehet“, ein Zusammensein am selben
642 1938 3456 2046 Ort scheine ihm nicht wünschenswert. Das muss man sich sagen lassen!
653 2031 3378 2165 Dann will er ein paar Tage ganz allein wo anders hin, ohne jede Ver-
637 2198 3363 2353 pflichtung. Dann Heini, O. und Arnoldo treffen und schliesslich auch
692 2333 3492 2463 mich. Nein, auf eine solche Einstellung werde ich meine Zukunft nicht
670 2433 1810 2579 uxxx aufbauen, nein,n ein,nein!
653 2566 3367 2709 Abend "Komparserie" in einer Loge mit A. und dem alten Schwarzkopf,
657 2696 3446 2834 den man vontallen Seiten stützen muss, damit er nicht umfällt. Nachher
647 2845 3411 2973 ödes Nachtmahl bei Schöner mit Heini. Ich habe ein Gefühl, als ob ich
664 2961 3456 3093 selbst in den letzten Zügen läge - und morgen führt Harry fort. Heute
647 3060 3417 3261 ist er den ganzen Tag an der Donau gewesen mit Thea Graf, er lag ganz
658 3205 3499 3363 braun gebraumt im Bett, als ich heinkam. Wie fühle ich in diesen Tagen,
652 3338 2851 3530 dass er mein Kind ist. Mein Weg ist nicht mehr lang.
651 3456 2490 3632 29.6. Abend. Harry fort. Ich kann nicht mehr.
684 3623 3350 3776 30.6. Ich sehe aus wie eine Wasserleiche. A. Vormittag bei mir im
619 3774 3337 3900 Garten. Neuer Vorschlag; zusammen am 15. auf den Semmering, dann er
643 3896 3404 4046 allein, eventuelle Z kurze Zusammenkunft mit 0., dann wieder ich, aber
645 4011 3420 4155 er kann keinerlei Versprechungen machen, was seine Stimmung oder sein
2988 4100 3189 4197 oui
635 4149 3328 4280 Wesen anbelangt.-Ich zagte sehr wenig, weil ich viel zu müde und es
