3827 4618
619 447 2622 613 Bad Gastein 5ten Aug 1931 nach Gmunden H. Austria
598 586 3564 753 Lieber, Ich schickte auf Deinen Brief eine Karte nach Wien und warte mit
616 717 3502 897 der Absendung dieser Zeilen bis das in Aussicht gestellte Telegr. mit
621 862 3336 1024 Adresse eintrifft. Mein Befinden ziemlich unverändert. Nach meinem
625 984 2866 1131 2ten Bad heute früh sehr arge Herzklopfen. Stophantus.
622 1103 3478 1292 Traf Irene Au. (2stündige Bekenntnisse über Ehe, Leid, und Liebe,
630 1236 3550 1390 aber ich verriet nichts von meinem Leben, hörte nur zu) Wenn auch anders
633 1374 2426 1560 Frauen glücklicher sind - ich tausche nicht.
624 1501 3639 1637 Ansonsten habe ich mich Annüherungs- Versuchen von Bekannten und Unbekannt
676 1652 3619 1782 ten gegenüber ablehnend verhalten - da ich noch innerlich und äusserlich
630 1783 1161 1931 zu müde war.
642 1874 3677 2048 Ich konnte in Deinen Zeilen, den Dir sympathischesten Ort nicht entziffern,
684 2012 1660 2180 - Gmunden- oder Garnisch.
626 2123 3478 2332 Nun jedenfalls alles Gute und Schöne, meine besten Wünsche und Grüsse.
1495 2271 2303 2469 D. Clara Katharina
709 2382 1113 2592 6ten Aug.
629 2560 3701 2689 Anstat des Telegramms keinen bisher 2 unleserliche Wiere Karten ich entzif-
639 2673 3628 2798 fere - Gmunden H. Austria und das Frauchen dorthin zu schreiben sende die
644 2798 2256 2987 gestrigen Zeilen daher an diese Adresse.
2242 2857 2448 2993 ogar
624 2895 3511 3122 Die Reine dürfte beider Hitze die Heute hier ist unangenehm sein.
628 3053 1967 3255 Gut dass sie nicht lange dauert.
1523 3177 2441 3359 Nochmals viele Grüsse.
1904 3354 2197 3558 Cl. K.
