3811 4791
713 548 3326 700 Ohne frech zu sein, geht er jetzt als lebender Vorwurf herum, weil
734 673 3499 807 seine Ferien verpatzt sind. Als ob ich was dafür könnte! Man hat uns
683 775 3500 959 in Wien genug vor den Ostseebädern und dem Norden Deutschlands ge¬
715 936 3479 1071 warnt, aber er wollte von nichts anderen hören, war in diese Idee ver¬
683 1024 973 1182 rannt.
708 1201 3494 1340 Sei nicht böse über diesen langweiligen Brief, aber mir ist so schwer
685 1337 3513 1516 ums Herz, wie man zu sagen pflegt und ich hab das Bedürfnis Dir wenig¬
718 1468 3364 1617 stens so ein bissl näher zu sein. So lange Du nichts anderes hörst
680 1587 3311 1712 schreibe noch hieher, aber ich hoffe in einer Woche fort zu sein.
667 1700 3438 1866 Erzähle mir viel von Dir. Ich wünschte, Du mögest recht die Ruhe und
671 1830 3515 1967 Stille in Deinem schönen Haus geniessen. Ich freue mich, dass ich Deine
700 1960 2720 2149 Zimmer kenne und oft in Gedanken hin kommen kann.
700 2090 3104 2277 Leb wohl für heute und alles Liebe und Herzliche von Deiner
1899 2229 2585 2411 Clara Katharina.
