3674 4658
505 308 1152 457 An A.S., Berlin.
1990 271 2647 445 Wien, 18.11.1930.
505 573 1016 702 Mein Liebes,
1021 626 3239 822 Deinen lieben Brief vom 16. fand ich gestern Abend vor,
525 811 3318 939 als ich um 7 Uhr heimkam und ich danke Dir sehr, dass Du Horch angeru-
521 955 3360 1093 fen hast. Es war sehr lieb von Dir, obwohl ich Deinen Pessimismus voll-
527 1076 3305 1226 auf teile. Man probiert's halt! Preminger hat mir übrigens mein Stück
508 1234 3276 1352 noch nicht zurückgeschickt, obwohl ich es telefonisch und schriftlich
524 1310 3317 1495 reklamierte. Gestern war ich so ziemlich den ganzen Tag unterwegs und
523 1478 3345 1616 ebenso heute Vormittag und habe schrecklich gefroren. Es ist plötzlich
2680 1573 2996 1662 Sonntag,
513 1601 3221 1757 kalt geworden und mein Mantel wird im besten Fall für xxx fertig
515 1749 3240 1907 sein. Ich bin froh, heute nicht mehr fort zu müssen, nur diese Zeilen
522 1897 3237 2033 werfe ich selbst in den Kasten, denn ich habe die Elise, der Magda zum
756 1961 1311 2049 beim Übersavelen
508 2022 3401 2179 Helfen geliehen und Mittag nur ein Stückchen Schinken gegessen. Gestern
507 2157 3233 2292 Abend war Frieda zum Nachtmahl und Diktat hier und wir haben bis 10
498 2260 3188 2378 Uhr gearbeitet. Der erste Teil der Novelle scheint recht gelungen,
520 2418 3302 2540 trotzdem ist es mir klar, dass ich sie mit mehr Fleiss als mit Zunei-
495 2517 3274 2637 gung schreibet-Meinen Expressbrief Nr.3 wirst Du wohl heute erhalten
500 2671 3261 2782 haben und ich rechne noch auf ein paar liebe Zeilen und den verspro-
508 2795 3222 2942 chenen Anruf.- Ich hoffe sehr, dass all die ermüdenden Besprechungen
502 2919 3192 3038 doch zu einem guten Resultat führen und Du in einer frohen und zu-
505 3064 3195 3186 friedenen Stimmung heimkehrst, die für uns Beide einen guten und be-
497 3177 2079 3321 glückenden Winter einleiten möge - - -
930 3307 3338 3433 Dass S.Fischer die Vorrede zum "Reigen" nicht bringen will,
490 3444 2987 3586 finde ich empörend. Was für einen Grund gibt der Feigling an?
937 3582 3266 3731 Ich sage Dir Lebwohl und auf Wiedersehen und umarme Dich.
1332 3691 1784 3845 Deine C.K.
3458 66 3571 167 dans
3439 150 3573 258 723
