3690 4703
549 136 632 308 de
584 249 1020 400 25.6.1925.
554 448 1598 608 nach St.Martino antreten.
2692 572 3279 701 vergangen, die
543 593 2260 748 Sonne und Himmelsbläue leider nach einer S-
605 689 791 765 sehr
2599 715 3305 849 er Beziehung hier
527 717 2479 852 darunter litt. Es fehlt dieser Reise, wie um
550 845 3257 954 an Sonne und Wärme des Herzens. Sinne - nur Sinne, das langt nicht.
544 964 3067 1122 28.6. Ich bin nicht glücklich. Nein - ich bin bin nichtl glüklich.
554 1110 3301 1229 29.6. Grosser Autoausflug Karersee,Pordoi-Pass (2500 m) Col di Lana
555 1216 3429 1383 nach Cortina. Dort Hotel Bristol, 2 Stunden Rast. Dann über das Ampezzo-
550 1400 3313 1503 tal Landro,Toblach, Brixen zurück. Die Fahrt herrlich. Eine Fülle der
568 1525 3232 1617 schönsten verschiedenartigsten Landschaften - an den zerschossenen
546 1626 3250 1742 Stellungen der Italiener und Oesterreicher vorüber (ergreifend),an
542 1779 3271 1896 Heldenfriedhöfen, zwischen schneebedeckten Berggipfeln vorbei in die
549 1904 3348 2011 blühendsten Täler hinunter. 8 Stunden gefahren. Anfänglich gute Stim-
545 2015 3287 2127 mung, später Düsterkeit, kaum ein liebes Wort und wenn ich dann stumm
561 2162 3314 2262 und kühl werde, Erstaunen von seiner Seite. Verstimmung und schliess-
560 2298 3345 2404 lich sogar schlimme Worte von beiden Seiten. Und so werden diese paar
556 2427 3238 2529 Tage vergehen, auf die man ein Jahr lang gewartet hat. Ich empfinde
556 2541 3249 2676 das Verrinnen solcher Stunden wie ein physisches Leid. Baden-Baden
560 2676 1029 2828 ist Schuld.
547 2795 3310 2930 30. Juni. Ein böser tränenreicher Tag, dem endlich ein schöner, wunder-
552 2935 3224 3052 schöner Abend folgte. Ich schrieb ihm einen Zettel in sein Zimmer:
571 3051 3384 3169 "Ich reise ab, so geht es nicht weiter. So ein Zusammensein ist sinnlos".
557 3172 3192 3293 stellte ihn vor die Wahl - er wählte mich. Warum man sich doch so
547 3340 2155 3461 quält, wenn man sich doch so gerne hat.
550 3445 3268 3572 1. Juli. Herrlicher Ausflug über die Mendel zum Morenosee und zurück
548 3591 3241 3687 über Trient. Die Landschaft zwischen Moreno und Trient wie A. sich
556 3737 3267 3848 äusserte, eine dramatische Landschaft. Mich erinnern diese Felsen an
542 3855 3305 3959 den Turmbau zu Babel im kunsthistorischen Museum (von Breughel glaub
591 3979 3316 4081 ich). - Am Abend hat A. meine Novelle zu Ende gelesen, "das Kind der
542 4120 3362 4220 Liebe". Viel darüber gesprochen. Zum Schluss noch grössere Änderungen
3494 10 3587 113 -
3487 104 3606 232 173
