3702 4718
2870 362 3288 511 9.10.1928
725 551 1758 697 sie habe mir einen Betrag
2547 531 3319 693 die nächsten Wochen
2399 692 3371 851 und bin von ihrer Liebe
756 699 1994 825 hinwegzukommen. Und ich habe sich
763 821 3304 942 zu mir so überzeugt, dass es mir nichts ausmacht ihr dankbar zu
770 939 3379 1082 sein. So bin ich doch der ersten und ärgsten Sorgen enthoben. Ich
770 1094 3423 1243 wollte es Dir zuerst nicht schreiben und erwähnte es nicht in mei-
759 1230 3398 1336 nem gestrigen Brief. Aber nun scheint es mir doch unaufrichtig es
761 1345 3364 1469 zu verschweigen. Auch will ich nicht, dass Du Dir unnütz Gedanken
766 1495 3443 1599 um mich machst. Hoffentlich wird sich schliesslich alles einrenken
766 1622 1074 1723 lassen.
1097 1735 3368 1861 Heute war ich schon um 3/4 10 bei Ferda Bloch wegen des
2128 1827 2257 1915 nur
760 1859 3399 2009 Hery und ich glaube, er wird tun, was irgendwie möglich ist. Er war
750 1982 1407 2135 reizend zu mir.
1109 2119 3282 2239 Es ist ganz unrichtig, dass das letzte Bild bei Deinem
2687 2222 3066 2309 empfunden
754 2228 3394 2365 Stück ("Der Zug der Schatten") als unerlässlich wird. Es
749 2421 3355 2527 ist nur charakteristisch für Dich und für ein Stück von Dir, dass
760 2522 3329 2645 es nach dem Schluss noch dieses Bild gibt. Und wenn Du noch ein
756 2645 3393 2790 paar Farben aufsetzst, die noch fehlen, so wird man es gewiss nicht
760 2802 3352 2891 als ein Anhängsel, sondern vielleicht als einen wundervollen Aus-
742 2915 3345 3029 klang empfinden. Auf die Längen in der Logenszene (be-
751 3046 3357 3162 sonders zwischen E. und Exgemahlin) und um den Tod Franzis herum
754 3169 3283 3302 habe ich Dich gleich aufmerksam gemacht. Am wichtigsten ist aber
2907 3269 3069 3353 das
732 3292 3427 3447 der Schluss vom 3.Bild, der eigentlich die Erklärung und Licht für
738 3418 1984 3553 das ganze Stück bedeuten muss.
1147 3573 3337 3703 Was Du mir über die Unzulänglichkeit des Wortes sagst,
748 3696 3424 3830 hat auch nicht meinen Beifall. Man kann Worte, die nicht ausgespro-
735 3843 3291 3953 chen werden, weder auf ihre Zulänglichkeit oder Unzuläuglichkelt
724 3919 3465 4109 hin prüfen. Auch kommt es darauf an, ob sie sich von den Lippen oder
731 4072 1609 4218 aus dem Herzen lösen.
3442 98 3589 281 152
