3743 4598
606 315 856 445 61928
1415 218 2055 494 1 Agebuth
586 492 3292 640 28.7. Lili ist tot. Er hat sie nicht mehr lebend angetroffen. Was
615 609 3249 753 lässt sich da noch sagen? Ob sie nicht selbst - -? Ich renne in
614 734 3349 888 meinem Zimmer umher, denk an ihn, schreib an ihm. Aber wie ihm helfen
619 846 1289 1044 das zu ertragen?
644 1017 2225 1127 29.7. Brief. Lili hat sich erschossen.
614 1110 3345 1254 30.7. Es ist nicht auszuhalten. Die Zeitungen voller Details, Wahres
619 1281 3382 1389 und Erlogenes. Mein Telefon rast den ganzen Tag. Zeitungen, Reporter,
618 1404 3411 1542 Trebitsch, Hofmannsthal. Und dabei diese Sorge, wie wird er's ertragene
606 1530 2856 1707 Gestern Abend bei Frieda. Dann noch bei Cary und Magda.
617 1674 3395 1824 31.7. Zurück. Seine Stimme am Telefon gehört. Wir waren Beide so er-
630 1818 3452 1965 griffen, dass wir nicht sprechen konnten. Arnoldo, Heini wohnen bei ihm,
620 1935 3514 2060 die O. on der Pension. Vormittag vor seiner Ankunft draussen bei ihm, um
612 2026 2052 2207 Lilis Bild mit Blumen zu bekränzen.
605 2194 3514 2335 A. schrieb mir im ersten Brief.: "Kränk du dich nicht zu sehr, auch mei-
623 2320 3344 2494 netwegen nicht." Und an Frieda: "Sagen Sie Frau Clara, dass sie sich
618 2455 3505 2602 körperlich und seelisch schonen soll, auch um meinetwillen." Diese Worte
631 2588 2610 2704 lassen mich hoffen, dass ich ihm etwas sein kann.
611 2724 3397 2883 31.7.Abend. Noch ein paar verspätete Zeilen aus Venedig. So lieb und
619 2844 969 2981 traurig.
612 2963 3276 3137 1. August. Anruf vor 7 Uhr Früh, dann zwischen 8 und 9 und Abend um
649 3088 2339 3211 11, wie ich von meinem Kindern heimkomme.
612 3239 3470 3379 2.8. Nun ist er den dritten Tag und ich darf nicht zu ihm, anstatt die-
624 3336 3551 3527 ses Weib hinauszupeitschen, die an allem schuld ist. Ich liess ihm durch
617 3456 3406 3668 Frieda sagen, ich scheide wortlos aus, wenn er die 0. jetzt braucht, ihr
624 3622 3417 3780 vielleicht näher gekommen ist. Aber er behauptet, er brauche mich und
610 3774 3421 3872 mehr denn je, dass ich nurbjetzt Geduld haben soll, die Situation nicht
625 3873 2909 4053 erschweren. Ich gehöre zu ihm. Und dabei martert er mich.
600 4014 2483 4180 Heute meine Brillantuhr im Dorotheum versetzt.
3540 61 3631 216 138
