3690 4686
2128 255 2742 402 Wien, 8.12.1927.
663 275 1470 410 An A.S. nach Berlin.
613 444 1025 633 Liebster
993 563 3232 721 das heutige Morgengespräch (vor einer Stunde) war recht
682 736 3318 847 gestört und als man sich endlich wieder hörte hattest Du offenbar
670 826 3309 984 die Geduld verloren und ich habe ein nicht ganz angenehmes Gefühl
670 987 3359 1119 zurückbehalten. Gut, dass eben Dein lieber Brief vom 6.eintraf. Ich
645 1117 3231 1226 entnehme, dass Du jedesfalls in guter Stimmung und Verfassung und
630 1242 3198 1366 mit Deinem Berliner Aufenthalt sehr zufrieden bist. Hoffentlich
632 1362 3364 1491 bringst Du doch ein oder zwei Filmusachen zum Abschluss. Hättest Du
625 1496 3436 1642 demm Fett-Fleck nicht etwas entgegenkommen sollen? Dagegen finde ich,
670 1619 3348 1767 dass Du gegen Verlag F. zu sachsichtig bist. Da solltest Du einmal
645 1784 3274 1906 gründlich Deine Meinung sagen und eventuell Konsequenzen ziehen.-
645 1892 3231 2020 Ich hab so viel zu erzählen, dass ich erst gar nicht anfange. Der
680 2035 3352 2166 gestrige Abend (Penklub) trotz der grossen Liebenswürdigkeit Aller
636 2174 3376 2304 mir nichtbsympathisch. Ich fühle mich diesen Menschen innerlich gar
663 2297 3363 2421 nicht zugehörig. Bei Tisch (an kleinen Tischen) mit Baron Winter-
643 2441 3536 2559 stein. Ganz animiertes Gespräch. Am selben Tisch Gisela B.,Gretl Könige
617 2571 3307 2689 warter und ein Dr.Rosner oder so ähnlich. Kurze gute Tischrede von
625 2671 3376 2830 Salten, endlose französische Antwort von Fischmann. Das beste Franzö-
627 2807 3424 2965 sisch leidet bei Zungenanstossen und fettigem Judentum. Längere fran-
606 2955 3360 3113 zösische recht nichtige Rede von Claude Anet. Ein französisches Ge-
637 3072 3380 3204 dicht von Marcel Dunan, vorgetragen von Aslan, der schöner französisch
624 3201 3389 3351 spricht als Anet. Ob das Gedicht gut war weiss ich nicht, man war vom
604 3340 3297 3496 K lang berauscht. Du kamst im $ dem Gedicht vor, das eine Lobpreisung
622 3483 3333 3601 Wiens war. Man sah mich an, ich wurde rot. Alles übrige lass ich für
625 3609 3379 3758 unser Wiedersehen am Samstag. Felix S., der auch sehr herzlich zu mir
625 3749 3362 3887 war, will Dich und mich nächste Woche zu sich bitten. Im Volkstheater
633 3835 3384 4002 keinen ungünstigen Eindruck in meiner Stückangelegenheit. Man hat es
614 3991 3504 4126 mir nicht zurückgegeben. Angeblich hat es jemand in Händen (Amtsgeheim-
600 4121 3176 4273 nis), der sichdafür interessiert. Ich danke Dir sehr, dass Du mit
