3746 4638
1931 292 2752 438 Wien, 1. August 1930.
658 301 991 428 An A. S.
680 481 3309 608 Mein liebes Kind, jetzt erst bin ich damit fertig geworden Deinen
649 603 3437 773 Expressbrief, der gestern Abend um 7 Uhr eintraf, ganz in mich aufzu-
652 738 3479 890 nehmen.- Es ist mir klar geworden, dass ich mich Dir in meinen Briefen
665 885 3348 1009 trotz allem Bemühen nicht verständlich machen konnte, wie eben eine
647 1016 3422 1144 Verständigung aus einer solchen Entfernung heraus überhaupt kaum mög-
651 1133 3312 1282 lich ist. Nie weiss der Andere in welcher Stimmung und Verfassung
665 1268 3429 1387 ein Brief geschrieben oder empfangen wurde. Man kann weder den Klang
662 1390 3493 1516 einer Stimme, die Betonung eines Wortes, noch den Ausdruck des Gesichtes
667 1536 3431 1646 mitgeben oder richtiger vergegenwärtigen. Das ist es auch, was ich zu
634 1627 2570 1807 allem übrigen vorausgeahnt und befürchtet habe.
658 1800 3390 1930 Ich möchte Dir nur sagen, dass wenn ich in jenem Brief die fall-
642 1920 3509 2070 weisen Reisen nach Berlin erwähnte, ich eben betonen wollte, dass meine
660 2050 3304 2186 Einstellung gerade diesen Reisen nach Berlin gegenüber, ob sie nun
660 2200 3526 2328 ein oder zweimal im Winter stattfinden, eine gleichgültige geworden ist,
651 2321 3493 2446 und wenn ich von einer programmlosen Ruhe für die nächsten zwei Monate
655 2458 3426 2622 sprach, so habe ich damit nicht nur eine Störung durch die O., sondern
653 2554 3386 2746 jede Störung gemeint, wie man eben nach einer grossen Krankheit eine
650 2699 3485 2845 Rekonvaleszenz braucht und ich würde aus diesen Wochen am liebsten so-
690 2856 3457 2968 gar Frieda ausschliessen, gegen die ich persönlich doch nicht das ge-
655 2964 1202 3102 ringste habe.
681 3114 3463 3283 Deine Programmlosigkeit, die Du Freundschaft und Freiheit nennst, sagt
631 3227 3328 3339 mir gar nichts. Da Du anderer Ansicht bist, - wirst Du mich von der
650 3368 3425 3501 Schönheit und Entwicklungsfähigkeit dieser Ein-oder Zusammenstellung
646 3509 1620 3645 wohl überzeugen müssen.
624 3609 3487 3742 Als ich Dir den Vorschlag machte Dich in der Nähe der Schweiz zu tref-
649 3761 3406 3870 fen, da war es die Antwort auf den hier vorgefundenen Brief, in dem Du
648 3901 3355 4012 mir schriebst, dass Du auch dort hinkommen würdest, wo ich sein werde
637 4046 3323 4166 und weil ich damals und bis vor einigen Tagen, gerade im Anschluss
632 4162 3294 4303 an jenen Brief, noch an irgend eine spontane Regung Deines Herzens
3578 99 3631 280 82
