2793 3358
372 466 2417 598 Frankenstein sagte, schreibt Hugo an einem Puppen¬
371 627 2334 705 spiel, in dem der Kaiser von China vorkommt. Was
400 747 2530 855 soll das? Hirschfeld (Georg ) schreibt mir öfters.
365 837 2503 1008 Er war in München, ist nun schon lang wieder in Berlin
372 992 2430 1128 und sehr fleissig. Ich möcht's auch wieder sein! –
373 1140 2407 1256 Ich bitt Dich, schreib mir nur gleich und viel und
365 1250 2296 1391 deutlicher! Ja? Ich hab mich mit dem Lesen so
373 1389 2288 1518 plagen müssen. Ich möcht auch so gern über Dein
355 1513 1640 1647 Stück von Dir hören. Sei nett!
477 1659 2379 1765 Wenn Du herüberkommst, so nur nicht zwischen 4
365 1793 2363 1918 und 8. denn da haben wir Verwandte hier, und zeig
379 1938 1690 2058 es mir jedenfalls officiel an.
485 2042 2320 2163 Ich freu mich schon sehr auf Deinen Brief und
366 2176 1903 2302 schick Dir viele schöne  Grüße
1624 2251 2083 2367 Deine Clara
374 2368 1520 2513 Schreib wieder an Hary Graf
