3730 4679
787 331 1745 502 TAGEBUCH ab 12,7. 1931
522 486 3363 606 Neuerliche Verschiebung unserer Abreise um einen Tag,- angeblich weil
530 599 3360 706 seine Familie erst dienstag den 14, zu ihm kommen kann anstat am 13,
517 713 3506 870 Julius Geburtstag) Offenbar ist es wegen der Cl. die für 2 Tage nach Tal-
521 828 3413 992 heim ist und Montag noch zu ihm kommen will. Sie rief mich heuchlerisch
528 987 3502 1140 an mir einen guten Sommer wünschen - sie fährt am 15, auf ein Schloss noch
525 1112 1324 1249 Böhmen zu Freunden.
522 1222 3466 1360 Ich schlage A. vor doch diese gezwungene Semmering- Fahrt aufzugeben. Da-
525 1381 3320 1505 rauf grosse Scene: ich mache aus allem eine Affaire- seine scheinbare
522 1490 3381 1650 Lieblosigkeit, sei nur sein Wesen, sein Alter etc. Niemand stehe ihm
532 1667 3488 1816 näher als ich. Schwüre die ich garnicht verlangte - er habe kein anderes
530 1777 3370 1937 Interesse, keine andere Beziehung, ich verwechsle Ursache und Wirkung.
542 1895 3185 2051 (Der Name "Cl. " wurde nicht genannt. Ich kann nicht mehr weiter-
534 2040 3367 2178 15.7 Grosse Hitze. Einpacken. Besuch bei Anni D. Kinder entzückend.
511 2143 2323 2284 Mittag bei A. mit Prf. Schinnerer und Frieda.
537 2313 3500 2455 m. M. Frieda Bieogr. dictiert dann weitergepackt. Trotz Erschöpfung kein
523 2402 835 2566 Schlaf.
534 2543 3500 2703 16.7. Abreise. Wetter abgekühlt. A. hatte angeblich wieder Ublichkeiten
528 2679 3535 2828 in der Früh. Sitzen, [ben zu Fünft im Cupe. A. sieht elend aus. Befang n-
529 2801 3488 2943 heit schlechtes Gewissen und der Zustand seines Herzens. Er brauchte Ruhe
538 2923 2332 3079 und nicht Konflikte. Aber ich bin machtlos.
527 3070 3364 3241 17.7 Kühles unsicheres Wetter. (in der schönen Zeit war man in Wien)
520 3196 3479 3349 Spaziergang zur Meierei. Geberden von Höflichkeit, - kaum Freundlichkeit.
536 3346 3309 3462 Ich unbeschreiblich müd. Vor und nach Tisch geschlafen. N. M. Regen.
527 3442 3512 3601 Auf des Lebens gelesen den A. unarbeitet. Sehr schönes Stück mit grossen
544 3603 3444 3739 Fehlern im 2. u 3. Akt. - Abend trostlos. Gieng A. am Hochweg entgegen.
539 3736 3209 3869 Dürftige Gespräche gieng zeitlich zu Bett. A. blieb in der Halle.
536 3862 3455 3991 18.7. Trüb. A. kam in der Früh in mein Zimmer um mir die Benützung sei-
2408 3925 2642 4029 Verteil
533 3970 3521 4092 nes Badezimmers anzutragen. Ich sagte nein. Alma angerufen. Sie kommen Mon-
529 4105 3484 4215 tag Mittag herüber. Vormittag Spaziergang Liechtensteinstrasse bei Regen.
528 4267 3412 4408 Abend Vorstellung der Ballett Schule Godlevsky. Wir sahen bis 12 U. zu.
3490 120 3639 311 des
