3743 4647
555 546 3371 700 irgendwie Unfreundliches gesprochen und doch klang seine Stimme ver¬
546 650 2435 841 ärgert. Vielleicht ist es nur sein Befinden– –
542 916 1110 1052 1ten Oktober.
536 1071 3542 1212 Rief nach langer Zeit D'r D. an, der herzlos und kurz angebunden war, und mir
537 1243 3302 1432 den Zustand A’s (nach der letzten Röngen-Untersuchung, als sehr
549 1369 3499 1531 schlimm darstellt, ohne irgend welche Verordnungen zu treffen. Ich hoffe
542 1527 3355 1673 er will mir nur Angst machen, damit ich nichts rede Alles hinnehme –
535 1631 1702 1825 Ach das tu ich ja sowie so.
539 1763 937 1925 3ten Okt.
527 1926 3113 2048 Mittag Carry u. Magdy, später Roman dictiert. Abend Kino mit A.
528 2019 3405 2200 Guter Kriminal-Film mit der Brig. Helm. – Sehr lieber Brief von Hery.
533 2164 1073 2313 4ten Sonntag.
530 2312 3407 2441 Einsam V. Mittag spazieren gegangen, da A. ablehnte mit mir zu gehen– – –
525 2446 3434 2575 Abend Kino bei »Entehrt« mit Marlene Dietrich nachher bei ihm. Eifrige
527 2572 3502 2721 Conversation und Verlegenheit. Ich gieng bald. Er begleitete mich bis
532 2682 1150 2833 vor meine Türe.
522 2815 1121 2942 5 ten Oktober.
514 2938 3513 3115 Heute endlich eine kleine Freude. A. rief in der Früh an es sei so herrli¬
526 3098 3467 3230 ches Wetter, dass er mit mir ausfahren möchte. Wir fuhren bis zum Sommer-¬
521 3209 3441 3343 Haidenweg u. giengen zu Fuss weiter und durch den Dornbacher-Park bis
514 3366 3401 3517 nach Dornbach. Der Himmel strahlend blau die Bäume alle wie vergoldet.
510 3489 3271 3596 Ich sagte ihm dass ich seit langer Zeit einmal ein bischen froh bin.
504 3607 3373 3768 Er streichelte meine Wange. Später sassen wir auf einer Bank. Ich nahm
523 3735 3507 3902 seine Hand. Thränen kamen mir in die Augen. Um uns fiel leise das Laub zu
503 3864 874 3981 Boden– – –
496 3964 3338 4125 N.M. bei Emmy Sachs gewesen. Gut mit ihr gesprochen. Sie ist amüsant.
485 4115 1982 4291 A. Abend bei seiner Schwester Hajek.
