2794 3362
1613 245 2377 386 Wien, 2. August 1924
436 255 1170 408 An A.S.Adelboden.
367 467 2421 584 Mein Liebstes, ich bin heute schon so müde, dass ich
1179 546 1379 659 noch
410 582 2482 700 nicht weiss, ob ich einen Brief zusammenbringe.
414 718 2488 875 Auch habe ich immer Kopf- und Augenschmerzen.Gestern
424 870 2449 965 Vormittag war ich zwischen einem Regenguss und dem
418 980 2489 1078 andern an der Hauptpost den Brief an Dich aufgeben.
432 1108 2583 1214 Mittag mit Carly,Nachmittag Frieda P. Wir waren zusam-
423 1251 2571 1359 men im Kino am Fleischmarkt, "Der Kampf mit dem Schat-
419 1388 2613 1470 ton", ein amerikanisches Gesellschaftsdrama, das saudumme
426 1494 2574 1641 er, vorher ein Lustspiel, wo lauter Fische vorkamen, so
417 1635 2602 1761 dass ich nicht einen Augenblick hinschauen konnte. Aus-
420 1786 2654 1895 serdem hatte ich solche Kopfschmerzen, dass ich mich zu-
423 1892 2737 2019 hause gleich mit Aspirin zu Bett legte. Mässig geschlafen
421 2046 2538 2149 um 6 Uhr schon am Roman geschrieben, um 10 Uhr aufge-
429 2173 2500 2278 standen,Bas geputzte Silber eingesperrt etc. Um 11
429 2289 2448 2410 in die Stadt. Zuerst ins safe Creditanstalt meinen
422 2432 2590 2537 Smaragdanhänger einsperren, dann zum Juwelier Heldwein
423 2588 2528 2678 ein Platinanhängsel verkitschern, um den Zins zu zah-
429 2712 2386 2817 len (lustig, was?) dann Reisebüro Schweizer visum
421 2827 2580 2955 besorgen, zu Biedermann ein paar Coupons einkassieren,
2533 118 2671 246 318
