3690 4667
2090 238 2741 451 Wien, 14.9.1929.
574 270 1337 425 An A.S., Marienbad.
577 611 1103 744 Mein Liebes,
1099 711 3156 833 bisher ist nur eine Karte von Dir eingetroffen und
588 871 3323 991 wenn Du nicht express geschrieben hast, kriege ich vor Montag keinen
578 1022 3219 1116 Brief. Darum schreibe auch ich Dir heute wieder, sonst hast Du vor
578 1127 3398 1260 Diezutag keine Nachricht. Ich habe Deiner Karte mühsam entnommen, dass
576 1250 3192 1401 Du es in M. besonders schön findest. Ich habe, wie Du weisst, eine
584 1405 3221 1539 grosse Vorliebe für diesen Ort, vielmehr für dieße Gegend, die doch
595 1513 3302 1646 eigentlich die Landschaft ist, die wir Beide lieben und brauchen. Im
577 1644 3389 1793 Mai, Juni und September, ohne die allzu vielen grauslichen Menschen, mit
595 1803 3306 1919 ein bischen Kurgebrauch sicher ein idealer Aufenthalt für uns. Auch
586 1933 3265 2073 das Essen ist fast überall ausgezeichnet, bei Ott,Egerländer in der
585 2050 3257 2162 Stadt, und für einfaches kaltes Nachtmahl bei Hammerschmied oder so
570 2163 3259 2286 ähnlich. Das erste Frühstück gehört ja zu den Spezialitäten von M.
601 2293 3431 2432 und das Gebäck ist noch viel besser und abwechslungsreicher als in der
590 2418 3381 2580 Schweiz. Aber ich verfalle in den Fehler Deiner Schwester und erzähle
571 2558 3373 2694 Dir, wie es dort ist, das wirst Du schon selber merken. Ich möchte nur,
614 2695 2859 2800 dass er es für nächstens für uns Beide in Betracht ziehst.
1094 2837 3217 2959 Heute Vormittag war ich auf einen Sprung bei Minna,
764 2961 3359 3073 brachte ihr die Taschentücher und hörte, dass sie eine Karte von
625 3096 3262 3249 Dir hat. Sie fand mich glänzend aussehend, direkt schön, sagte sie.
596 3234 3345 3332 Umso besser! Sie wird jedesfalls schon am 17.fertig mit dem Reinema-
584 3366 3340 3483 chen, nur das Telefon macht ihr Sorgen. Bitte rechne nicht damit, dass
586 3475 3332 3607 der zweite Apparat bei Deiner Ankunft schon angeschlossen sein wird,
584 3616 3372 3734 obwohl wir Krawall machen werden. Vielleicht nützt es, aber jedesfalls
584 3733 3379 3835 ärgere IIDich nicht gleich, wenn das noch nicht in Ordnung sein sollte.
589 3881 3310 3976 Von dort war ich in der Wohnung meiner Kinder, die sehr lieb ist, ich
589 4014 3296 4132 lernte Frau Bleier-Grohmann, die Hausfrau kennen, Offizierswitwe und
571 4149 3376 4277 Schriftstellerin, sehr gut aussehende alte Dame, aber zu gesprächig und
3441 110 3596 277 267
