3786 4715
357 415 3507 604 Wien// 23ten Juli Zu Hause. Magdy an der Bahn und ein Expressbrief zu Hausen
369 518 1969 688 (er klingt nicht hoffnungslos für mich)
342 635 3529 852 Magdy in der Nacht hier geschlafen, heute nahezu en ganzen Tag Carry und Magdy
360 779 3463 971 hier. Fühle mich nach dieser entsetzlichen Zeit irgendwie geborgen. Trotz un-
357 902 2328 1053 erquicklicher Gespräche über Herz und seine Ehe.
351 1043 3484 1252 24ten Juli:Einen langen Brief aus der Tiefe meines Herzens an A. geschrieben.
341 1133 3236 1387 Befinden sehr mässig, trotz Schlafmitte. In der Nacht kaum geschlafen.
348 1292 3512 1528 20. 7. Gestern Abend mit Otto. Gespräch erst über seine Frau, die aus lächer-
345 1431 3399 1650 lichen Gründen gegen mich gereizt ist. Ich bin angeblich zu öritisch" dann
329 1557 2352 1741 über Herr und Sina wobei wir einer Meinung sind.
324 1678 3615 1893 Heute V. M. bei Dr D. auch nicht erbsulich. Er hat das Gefühl dass A. das Alliän-
341 1765 3500 2006 sein sehr gut tut, aber dass er mich braucht: ich soll da sein wenn es mich i
338 1941 3465 2159 will und nicht da sein wenn er mich nicht will und ihm jede Freiheit lassen-
319 2032 1861 2227 Kurzum ich glaub ich werde noch toll.
328 2184 3404 2430 27. Juli? Unterredungen mit Herry, Sinz (jedem extra ) mit Carry und Sinz.
317 2287 3369 2590 Sina erledigt. (Verlogen und komödiantisch) Hery und sie sehen elend aus.
303 2413 1677 2584 Fiel um 8 Uhr erschöpft ins Bett.
315 2568 3440 2789 29ten Inder Stadt herumgeschleppt. Mit einem kleine Bar-Metrag den ich noch
304 2678 3481 2927 habe den Ring ausgelüst. Mittag Carry mit Assistent Popper bei mir. Soll ve
307 2805 2142 3000 viel ruhen etc. Ach innere Ruhe brauche ich.
288 2930 3450 3208 Frieda schreibt: A. befinde sich wenig wol, Dr. D. behauptet gleichzeitig A.
281 3069 3514 3317 befinde sich sehr wol sei mit vielen Menschen zusammen. Kein Brief Warum quällt
288 3176 3071 3434 er mich so? Fühle manchmal wie eine Übelkeit vom Herzen aufsteigen-
276 3298 3458 3587 22 ten. der Tag war schrecklich. Wenn nicht Carry und Magdy wären, ich würde
285 3429 1455 3599 vollständig zusammenbrechen.
283 3532 3488 3833 Büten: Ein Brief mit sachliches Bericht ohne auf meinen Brief einzugehen. kommt
267 3651 1451 3873 um den 10ten Aug. nach Wien.
267 3825 3468 4122 3tten Juli: Mit den Kindern im Kind dann Tante Klara. Im ganzen eiwas ruhiger
244 3907 3423 4246 2ten August Heute mir zum erstenmal das Gesicht massieren lassen. Sah nachher
251 4058 1796 4250 besser aus aber es macht mich traurug.
242 4156 3369 4502 Carry Magdy bel mir. Ich hatte Dars- Krämpfe und Gallenschmerzen. Carry sagt
