3771 4694
591 297 3588 516 bald vergessen haben mögest. Und da Du ja vorher auch eine ungetrübte Zeit
588 559 2921 679 hattest, so ist diese Reise keine ganz verlorene gewesen.
604 689 3531 832 Ich bin allerdings noch keinen Herbst so trostlos heingekehrt. - Ich ma-
608 789 3617 950 che dir keinen Vorwurf daraus und hege keinen Groll. Kein Mensch kann sei-
591 936 2519 1100 nem Wesen Gewalt antun und soll es auch nicht.
1517 1107 2449 1297 Deine Clara Katharina.
