3787 4698
1878 266 2837 378 Las Palmas, 2. Mai1926.
1871 361 2513 504 SonntagMorgens.
1887 484 2358 600 (nach Eien)
737 604 3366 748 Mein Liebes, es ist schön, hier zu sein und diese Landschaft, diese
751 734 3363 874 Küste gesehen zu haben; und das seltsamste und einprägsamste ist
753 858 3519 987 eine Fahrt ins Land hinein, wie wir sie vorgestern unternommen haben;
757 1021 3471 1141 aber nicht minder schön ist der Gedanke bald wieder von hier fort-
765 1125 3510 1242 zukommen - denn zu einem längeren Aufenthalt lädt mich diese Insel, -
763 1249 3429 1395 in all ihrer Fremd -und Neuartigkeit nicht ein. Die Unmöglichkeit,
760 1425 3324 1514 wirkliche Spaziergänge zu machen; - das Fehlen von Wald und Wiese
770 1518 3379 1658 ist nun einmal meiner Naturempfindung nicht gemäss. Das Hotel, in
759 1674 3401 1794 dem wir wohnen, liegt zwischen Hafen und Stadt - d.h. auf dem Wege
2211 1747 2336 1827 ein
755 1801 3319 1956 zwischen zwei Städten, denn es gibt- xxx Das Palmas Hafenstadt,
765 1922 3373 2021 und ein Das Palmes Residenz (die Bezeichnungen sind von mir) „die
754 2053 3485 2154 durch eine lange (7 Kilometer) Strasse verbunden sind (an der Übri-
773 2174 3412 2284 gens auch Häuser stehen.) Eine Tram verbindet sie; - ausserdem ver-
769 2286 3401 2456 kehren ununterbrochen (in Abständen von 1-2 Minuten) Motorwägel-
766 2434 3436 2565 chen für 10-12 Personen, in die man an jeder beliebigen Stelle ein-
766 2570 3405 2710 steigen kann. Das Hotel so typisch englisch wie möglich. Um 9,
753 2707 3409 2820 10 frühstücken sie (es ist ½10 und noch kein Mensch herunten); um
755 2834 3295 2967 11 fahren sie in die Residenz oder sie sitzen bis zum Lunch im
766 2972 3484 3072 Garten herum. Um 1 Lunch, dann sitzen sie in der Hall oder schlafen.
749 3109 3364 3242 Um vier schon beginnt der Fife o'olock bis 6-17- dann werfen sie
759 3249 3395 3371 sich in Smoking und Abendkleid, um ½8 Diner - worauf wieder in der
751 3358 3435 3457 Hall oder in der Bar gesessen wird. Diese Inseln sind ja auch that-
758 3471 3366 3607 sächlich eine Art von englischer Colonie, soweit sie als Fremden-
756 3629 3371 3728 orte in Betracht kommen; -die bequemste Verbindung ist mit London
767 3736 3324 3888 resp. Liverpool; - wir Mitteleuropäer können zusehn, wie sie nach
748 3870 3336 4022 Hause kommen. Wie Du weisst, wollten wir von hier nach Madeira -
757 4019 3390 4159 dern nach meinen Informationen ging ein Schiff von der Gerard-Li-
755 4159 3316 4300 nie (englische Gesellschaft) am 2. (heute) nach Madeira-, keine
3518 112 3611 257 27
