<?xml version="1.0" encoding="UTF-8" standalone="yes"?>
<PcGts xmlns="http://schema.primaresearch.org/PAGE/gts/pagecontent/2013-07-15" xmlns:xsi="http://www.w3.org/2001/XMLSchema-instance" xsi:schemaLocation="http://schema.primaresearch.org/PAGE/gts/pagecontent/2013-07-15 http://schema.primaresearch.org/PAGE/gts/pagecontent/2013-07-15/pagecontent.xsd">
    <Metadata>
        <Creator>prov=READ-COOP:name=TrHtr:version=0.0.6:model_id=44522:date=25_11_2022_11:54</Creator>
        <Created>2022-11-17T16:36:55.205+01:00</Created>
        <LastChange>2022-11-25T11:54:34.822Z</LastChange>
        <TranskribusMetadata docId="1233893" pageId="50264966" pageNr="944" tsid="105033047" status="IN_PROGRESS" userId="40391" imgUrl="https://files.transkribus.eu/Get?id=FQVPFHJGSQFTGVYJROZJOVLC&amp;fileType=view" xmlUrl="https://files.transkribus.eu/Get?id=UTXINDNMVCDQLXGLPJDMDARN" imageId="41051374"/>
    </Metadata>
    <Page imageFilename="HIN-155550_0944.tif" imageWidth="3754" imageHeight="4671">
        <ReadingOrder>
            <OrderedGroup id="ro_1669749965111" caption="Regions reading order">
                <RegionRefIndexed index="0" regionRef="r1"/>
            </OrderedGroup>
        </ReadingOrder>
        <TextRegion id="r1" custom="readingOrder {index:0;}">
            <Coords points="540,148 540,4434 3618,4434 3618,148"/>
            <TextLine id="r1l1" custom="readingOrder {index:0;}">
                <Coords points="1826,420 1918,447 2166,411 2208,444 2315,453 2344,479 2412,465 2414,312 2368,300 2175,300 2124,339 1996,298 1963,322 1827,323"/>
                <Baseline points="1844,392 1871,393 1899,395 1926,396 1954,398 1981,399 2009,401 2036,402 2064,402 2091,402 2119,404 2146,404 2174,404 2201,404 2229,404 2256,404 2284,403 2311,402 2339,402 2366,402 2394,401"/>
                <TextEquiv>
                    <Unicode>Wien, 6.8.1931.</Unicode>
                </TextEquiv>
            </TextLine>
            <TextLine id="r1l2" custom="readingOrder {index:1;}">
                <Coords points="522,580 680,528 816,555 988,522 1177,567 1224,553 1225,460 1057,476 989,436 893,431 756,465 524,415"/>
                <Baseline points="540,515 573,516 606,516 639,518 673,518 706,518 739,519 773,519 806,519 839,519 873,519 906,519 939,520 972,521 1006,521 1039,522 1072,522 1106,523 1139,524 1172,525 1206,527"/>
                <TextEquiv>
                    <Unicode>(Brief von Dr.D.)</Unicode>
                </TextEquiv>
            </TextLine>
            <TextLine id="r1l3" custom="readingOrder {index:2;}">
                <Coords points="621,734 3437,790 3438,675 3138,630 622,663"/>
                <Baseline points="638,716 777,717 916,719 1055,720 1194,722 1333,723 1472,723 1611,725 1750,726 1889,726 2028,728 2167,728 2306,729 2445,729 2584,731 2723,732 2862,732 3001,734 3140,735 3279,735 3419,737"/>
                <TextEquiv>
                    <Unicode>Sehr liebe gnädige Frau, vielen Dank für Ihre lieben und ausführlichen</Unicode>
                </TextEquiv>
            </TextLine>
            <TextLine id="r1l4" custom="readingOrder {index:3;}">
                <Coords points="584,863 3454,882 2700,769 584,788"/>
                <Baseline points="602,846 743,848 885,849 1027,849 1169,851 1310,852 1452,854 1594,854 1736,855 1877,857 2019,857 2161,858 2303,860 2444,861 2586,861 2728,863 2870,864 3011,866 3153,867 3295,867 3437,869"/>
                <TextEquiv>
                    <Unicode>Briefe. Ich freue mich unendlich Ihnen in dieser schweren Zeit auch nur</Unicode>
                </TextEquiv>
            </TextLine>
            <TextLine id="r1l5" custom="readingOrder {index:4;}">
                <Coords points="583,985 3138,1053 3304,933 584,913"/>
                <Baseline points="602,975 736,977 870,977 1004,978 1139,980 1273,981 1407,983 1541,983 1676,984 1810,986 1944,987 2078,987 2213,989 2347,990 2481,990 2615,992 2750,992 2884,992 3018,993 3152,993 3287,993"/>
                <TextEquiv>
                    <Unicode>etwas sein zu können, dem gegenüber man seine Gefühle ehrlich aus-</Unicode>
                </TextEquiv>
            </TextLine>
            <TextLine id="r1l6" custom="readingOrder {index:5;}">
                <Coords points="624,1157 3272,1168 3273,1075 973,988 625,1064"/>
                <Baseline points="644,1106 774,1108 905,1109 1035,1110 1166,1112 1296,1113 1427,1115 1557,1115 1688,1116 1818,1118 1949,1118 2079,1119 2210,1121 2340,1121 2471,1122 2601,1124 2732,1124 2862,1125 2993,1126 3123,1127 3254,1128"/>
                <TextEquiv>
                    <Unicode>Schütten kann. Der Onkel Arthur ist heute Vormittag abgereist. Er</Unicode>
                </TextEquiv>
            </TextLine>
            <TextLine id="r1l7" custom="readingOrder {index:6;}">
                <Coords points="555,1268 3318,1304 3394,1186 556,1171"/>
                <Baseline points="575,1235 715,1237 855,1239 995,1241 1135,1242 1275,1243 1415,1244 1555,1245 1695,1247 1835,1247 1976,1248 2116,1250 2256,1250 2396,1251 2536,1253 2676,1253 2816,1254 2956,1256 3096,1257 3236,1258 3377,1259"/>
                <TextEquiv>
                    <Unicode>hat in den letzten Tagen zunehmend schlecht ausgesehen und ist sicher-</Unicode>
                </TextEquiv>
            </TextLine>
            <TextLine id="r1l8" custom="readingOrder {index:7;}">
                <Coords points="2369,1329 2444,1329 2451,1336 2476,1322 2490,1336 2533,1329 2533,1268 2483,1275 2462,1261 2369,1261"/>
                <Baseline points="2388,1313 2413,1316 2439,1316 2465,1314 2491,1314 2517,1316"/>
                <TextEquiv>
                    <Unicode>ihre</Unicode>
                </TextEquiv>
            </TextLine>
            <TextLine id="r1l9" custom="readingOrder {index:8;}">
                <Coords points="570,1401 3294,1437 3348,1312 571,1308"/>
                <Baseline points="590,1365 734,1367 878,1368 1022,1370 1166,1371 1310,1373 1454,1374 1599,1376 1743,1377 1887,1379 2031,1380 2175,1382 2319,1382 2464,1383 2608,1385 2752,1386 2896,1388 3040,1388 3184,1389 3329,1391"/>
                <TextEquiv>
                    <Unicode>lich auch erholungsbedürftig. Ich habe ihm xxxBriefe gezeigt, weil</Unicode>
                </TextEquiv>
            </TextLine>
            <TextLine id="r1l10" custom="readingOrder {index:9;}">
                <Coords points="577,1523 3361,1569 3394,1465 578,1408"/>
                <Baseline points="596,1496 742,1499 888,1500 1034,1502 1181,1503 1327,1505 1473,1506 1619,1508 1766,1509 1912,1511 2058,1512 2204,1514 2351,1514 2497,1515 2643,1517 2789,1518 2936,1518 3082,1520 3228,1521 3375,1521"/>
                <TextEquiv>
                    <Unicode>ich der Ansicht bin, dass sie ja doch in erster Linie an ihn, wenn auch</Unicode>
                </TextEquiv>
            </TextLine>
            <TextLine id="r1l11" custom="readingOrder {index:10;}">
                <Coords points="569,1644 3225,1684 3161,1580 2578,1546 570,1572"/>
                <Baseline points="587,1626 724,1628 862,1631 1000,1632 1138,1634 1276,1635 1414,1637 1551,1638 1689,1638 1827,1640 1965,1641 2103,1641 2241,1643 2378,1643 2516,1644 2654,1646 2792,1647 2930,1648 3068,1649 3206,1652"/>
                <TextEquiv>
                    <Unicode>nicht bewumst gerichtet waren. Trotz Ihrem Zweifel kann ich Ihnen</Unicode>
                </TextEquiv>
            </TextLine>
            <TextLine id="r1l12" custom="readingOrder {index:11;}">
                <Coords points="596,1780 3169,1839 3384,1790 3385,1708 597,1669"/>
                <Baseline points="614,1757 751,1760 889,1761 1027,1764 1164,1766 1302,1767 1440,1769 1577,1770 1715,1772 1853,1773 1991,1775 2128,1775 2266,1776 2404,1777 2541,1778 2679,1779 2817,1779 2954,1781 3092,1781 3230,1782 3368,1782"/>
                <TextEquiv>
                    <Unicode>nur wieder berchten, dass sie einen ganz grossen Eindruck auf ihn ge-</Unicode>
                </TextEquiv>
            </TextLine>
            <TextLine id="r1l13" custom="readingOrder {index:12;}">
                <Coords points="571,1906 3284,1941 3242,1801 572,1824"/>
                <Baseline points="590,1890 723,1890 857,1892 991,1894 1125,1895 1259,1896 1393,1898 1526,1899 1660,1901 1794,1902 1928,1904 2062,1905 2196,1907 2330,1908 2463,1910 2597,1910 2731,1911 2865,1913 2999,1913 3133,1914 3267,1916"/>
                <TextEquiv>
                    <Unicode>macht haben und xxx er mir versichert hat, dass es ihm sehr schwer</Unicode>
                </TextEquiv>
            </TextLine>
            <TextLine id="r1l14" custom="readingOrder {index:13;}">
                <Coords points="567,2060 3293,2105 3463,1981 568,1970"/>
                <Baseline points="584,2019 727,2021 870,2022 1013,2024 1156,2026 1299,2028 1442,2030 1585,2031 1728,2033 1871,2034 2015,2036 2158,2037 2301,2039 2444,2040 2587,2042 2730,2043 2873,2043 3016,2045 3159,2045 3302,2045 3446,2045"/>
                <TextEquiv>
                    <Unicode>um Herz ist. Der Gedanke, dass Sie unglücklich sind ist für ihn sicher-</Unicode>
                </TextEquiv>
            </TextLine>
            <TextLine id="r1l15" custom="readingOrder {index:14;}">
                <Coords points="570,2167 3347,2207 3348,2114 3012,2089 571,2085"/>
                <Baseline points="590,2151 727,2153 864,2155 1001,2157 1138,2159 1275,2160 1412,2162 1549,2163 1686,2165 1823,2165 1960,2166 2097,2168 2234,2169 2371,2169 2508,2171 2645,2172 2782,2174 2919,2175 3056,2175 3193,2177 3330,2178"/>
                <TextEquiv>
                    <Unicode>lich ebenso quälend wie die Zeit, in der Sie ihn meiner Freizügigkeit</Unicode>
                </TextEquiv>
            </TextLine>
            <TextLine id="r1l16" custom="readingOrder {index:15;}">
                <Coords points="559,2318 3207,2353 3208,2256 2740,2198 560,2228"/>
                <Baseline points="578,2280 708,2283 839,2285 969,2286 1100,2289 1230,2291 1361,2292 1491,2294 1622,2295 1752,2295 1883,2297 2013,2298 2144,2300 2274,2301 2405,2302 2535,2303 2666,2304 2796,2306 2927,2307 3057,2309 3188,2310"/>
                <TextEquiv>
                    <Unicode>berauben wollten. Ich glaube nach wie vor an eine für beide Teile</Unicode>
                </TextEquiv>
            </TextLine>
            <TextLine id="r1l17" custom="readingOrder {index:16;}">
                <Coords points="561,2429 2983,2508 3374,2452 3375,2362 562,2336"/>
                <Baseline points="579,2415 717,2415 856,2417 995,2417 1134,2418 1273,2420 1412,2421 1550,2424 1689,2426 1828,2427 1967,2430 2106,2432 2245,2433 2384,2435 2522,2436 2661,2438 2800,2439 2939,2439 3078,2439 3217,2439 3356,2438"/>
                <TextEquiv>
                    <Unicode>günstige Lösung der Situation. Diese Trennung, die ja nicht lange dau-</Unicode>
                </TextEquiv>
            </TextLine>
            <TextLine id="r1l18" custom="readingOrder {index:17;}">
                <Coords points="575,2575 3284,2614 3370,2600 3372,2450 576,2490"/>
                <Baseline points="593,2543 731,2544 869,2546 1007,2547 1145,2549 1283,2550 1421,2552 1559,2553 1697,2555 1835,2556 1973,2558 2111,2559 2249,2561 2387,2561 2525,2562 2663,2564 2801,2565 2939,2567 3077,2568 3215,2570 3353,2571"/>
                <TextEquiv>
                    <Unicode>ern wird wird einen wohltuenden Erfolg haben. Er wird besonders stark</Unicode>
                </TextEquiv>
            </TextLine>
            <TextLine id="r1l19" custom="readingOrder {index:18;}">
                <Coords points="569,2694 3282,2726 3283,2626 2535,2597 570,2633"/>
                <Baseline points="587,2673 720,2675 854,2676 988,2678 1122,2679 1256,2681 1389,2682 1523,2684 1657,2685 1791,2687 1925,2688 2058,2690 2192,2691 2326,2693 2460,2694 2594,2694 2727,2696 2861,2698 2995,2699 3129,2700 3263,2702"/>
                <TextEquiv>
                    <Unicode>spüren, was er an Ihnen hat und Sie werden hoffentlich einsehen, dass</Unicode>
                </TextEquiv>
            </TextLine>
            <TextLine id="r1l20" custom="readingOrder {index:19;}">
                <Coords points="608,2823 3338,2862 3393,2730 608,2737"/>
                <Baseline points="627,2804 764,2805 901,2807 1039,2808 1176,2811 1313,2813 1451,2814 1588,2816 1725,2817 1863,2819 2000,2820 2137,2822 2275,2823 2412,2823 2549,2825 2687,2826 2824,2828 2961,2829 3099,2831 3236,2831 3374,2832"/>
                <TextEquiv>
                    <Unicode>ein so ungewöhnlicher Mensch auch ungewohnlich behandelt werden muss.</Unicode>
                </TextEquiv>
            </TextLine>
            <TextLine id="r1l21" custom="readingOrder {index:20;}">
                <Coords points="559,2991 3221,2998 3251,2905 560,2837"/>
                <Baseline points="578,2933 710,2935 843,2937 975,2939 1108,2940 1241,2942 1373,2943 1506,2945 1639,2946 1771,2948 1904,2949 2037,2951 2169,2951 2302,2952 2435,2954 2567,2955 2700,2957 2833,2958 2965,2960 3098,2961 3231,2963"/>
                <TextEquiv>
                    <Unicode>Wenn Sie imstande wären ihn von heute auf morgen oder auch nur auf</Unicode>
                </TextEquiv>
            </TextLine>
            <TextLine id="r1l22" custom="readingOrder {index:21;}">
                <Coords points="550,3105 3363,3132 3364,3042 3196,3019 552,2991"/>
                <Baseline points="567,3060 706,3063 845,3066 984,3069 1123,3071 1262,3072 1401,3074 1540,3076 1679,3078 1818,3078 1957,3080 2096,3081 2235,3083 2374,3084 2513,3084 2652,3086 2791,3087 2930,3089 3069,3090 3208,3091 3347,3093"/>
                <TextEquiv>
                    <Unicode>übermorgen zu vergessen, ja wenn Sie ihn überhaupt aufhören könnten zum</Unicode>
                </TextEquiv>
            </TextLine>
            <TextLine id="r1l23" custom="readingOrder {index:22;}">
                <Coords points="556,3226 3193,3259 3273,3145 557,3119"/>
                <Baseline points="572,3194 706,3195 840,3198 974,3199 1108,3201 1242,3203 1376,3204 1510,3205 1644,3206 1778,3207 1913,3209 2047,3210 2181,3212 2315,3213 2449,3214 2583,3215 2717,3216 2851,3218 2985,3218 3119,3219 3254,3221"/>
                <TextEquiv>
                    <Unicode>lieben, dann würde ich Ihnen nur zureden es zu tun und wurde mich um</Unicode>
                </TextEquiv>
            </TextLine>
            <TextLine id="r1l24" custom="readingOrder {index:23;}">
                <Coords points="556,3373 3451,3414 3452,3303 557,3255"/>
                <Baseline points="575,3324 725,3326 875,3329 1026,3330 1176,3333 1327,3335 1477,3336 1628,3338 1778,3339 1929,3341 2079,3342 2230,3344 2380,3345 2531,3347 2681,3348 2832,3350 2982,3351 3133,3351 3283,3353 3434,3354"/>
                <TextEquiv>
                    <Unicode>ein Wiederaufleben der Bezikungen nicht im mindesten bemühen; denn dann</Unicode>
                </TextEquiv>
            </TextLine>
            <TextLine id="r1l25" custom="readingOrder {index:24;}">
                <Coords points="565,3470 3105,3548 3309,3510 3311,3371 565,3395"/>
                <Baseline points="584,3453 719,3456 854,3459 990,3462 1125,3464 1261,3465 1396,3467 1532,3467 1667,3468 1803,3470 1938,3470 2073,3471 2209,3471 2344,3473 2480,3474 2615,3474 2751,3476 2886,3479 3022,3480 3157,3483 3293,3486"/>
                <TextEquiv>
                    <Unicode>wären Sie ja jetzt gar nicht so unglücklich und würden vor allem die</Unicode>
                </TextEquiv>
            </TextLine>
            <TextLine id="r1l26" custom="readingOrder {index:25;}">
                <Coords points="553,3625 2807,3671 3266,3637 3292,3545 554,3521"/>
                <Baseline points="572,3585 707,3587 842,3588 977,3590 1112,3593 1247,3594 1382,3596 1518,3597 1653,3599 1788,3600 1923,3602 2058,3603 2193,3605 2328,3606 2464,3608 2599,3609 2734,3611 2869,3612 3004,3613 3139,3614 3275,3615"/>
                <TextEquiv>
                    <Unicode>Kraft, die die Liebe zu einem solchen Mann verlangt, nicht aufbringen.</Unicode>
                </TextEquiv>
            </TextLine>
            <TextLine id="r1l27" custom="readingOrder {index:26;}">
                <Coords points="555,3746 3267,3792 3268,3677 556,3650"/>
                <Baseline points="573,3713 706,3716 840,3717 974,3720 1108,3722 1241,3725 1375,3726 1509,3728 1643,3730 1776,3732 1910,3734 2044,3735 2178,3737 2311,3737 2445,3738 2579,3740 2713,3741 2846,3741 2980,3743 3114,3743 3248,3743"/>
                <TextEquiv>
                    <Unicode>Aber so ist es ja nicht, liebe gnädige Frau. Sie wissen ja weit bes-</Unicode>
                </TextEquiv>
            </TextLine>
            <TextLine id="r1l28" custom="readingOrder {index:27;}">
                <Coords points="547,3872 3231,3915 3232,3797 548,3783"/>
                <Baseline points="566,3843 698,3846 830,3849 963,3851 1095,3854 1228,3855 1360,3857 1493,3858 1625,3860 1758,3861 1890,3863 2022,3864 2155,3866 2287,3867 2420,3869 2552,3870 2685,3872 2817,3873 2950,3875 3082,3876 3215,3878"/>
                <TextEquiv>
                    <Unicode>ser als ich, was Sie alles für diesen Mann tunn könnten. Sie wollen</Unicode>
                </TextEquiv>
            </TextLine>
            <TextLine id="r1l29" custom="readingOrder {index:28;}">
                <Coords points="544,3980 3367,4065 3247,3916 545,3916"/>
                <Baseline points="563,3972 702,3975 841,3978 981,3981 1120,3983 1259,3986 1399,3987 1538,3990 1677,3992 1817,3993 1956,3996 2095,3998 2235,3999 2374,4001 2513,4002 2653,4004 2792,4005 2931,4007 3071,4008 3210,4010 3350,4010"/>
                <TextEquiv>
                    <Unicode>nur wissen, ob Sie auch berechtigt sind das alles zu tun. Ich habe Sie</Unicode>
                </TextEquiv>
            </TextLine>
            <TextLine id="r1l30" custom="readingOrder {index:29;}">
                <Coords points="544,4115 3224,4159 3165,4054 2814,4032 545,4033"/>
                <Baseline points="561,4103 693,4106 825,4109 957,4110 1090,4112 1222,4115 1354,4116 1487,4118 1619,4119 1751,4121 1884,4122 2016,4124 2148,4125 2280,4127 2413,4128 2545,4130 2677,4131 2810,4133 2942,4134 3074,4136 3207,4137"/>
                <TextEquiv>
                    <Unicode>in dieser Zeit kennen gelernt und habe, das muss ich Ihnen gestehn,</Unicode>
                </TextEquiv>
            </TextLine>
            <TextLine id="r1l31" custom="readingOrder {index:30;}">
                <Coords points="536,4255 3237,4315 3349,4227 537,4177"/>
                <Baseline points="554,4236 692,4238 831,4241 970,4242 1109,4245 1247,4247 1386,4249 1525,4251 1664,4253 1802,4254 1941,4256 2080,4257 2219,4259 2357,4260 2496,4263 2635,4265 2774,4266 2912,4268 3051,4269 3190,4271 3329,4272"/>
                <TextEquiv>
                    <Unicode>meine Freude daran gehabt. Sie haben sich edel und stark bewiesen, wie</Unicode>
                </TextEquiv>
            </TextLine>
            <TextLine id="r1l32" custom="readingOrder {index:31;}">
                <Coords points="549,4422 2936,4406 3304,4496 3399,4350 550,4319"/>
                <Baseline points="566,4371 706,4374 847,4376 988,4377 1129,4379 1269,4380 1410,4382 1551,4383 1692,4385 1832,4388 1973,4389 2114,4391 2255,4392 2395,4394 2536,4395 2677,4397 2818,4397 2958,4398 3099,4400 3240,4401 3381,4403"/>
                <TextEquiv>
                    <Unicode>es wenige in Ihrer Situation getan hätten. Sie würden alles für diesen</Unicode>
                </TextEquiv>
            </TextLine>
            <TextLine id="r1l33" custom="readingOrder {index:32;}">
                <Coords points="3475,281 3500,285 3532,263 3571,267 3582,278 3596,267 3636,267 3636,124 3611,127 3564,95 3546,106 3532,99 3521,106 3496,84 3475,88"/>
                <Baseline points="3494,249 3525,248 3556,248 3587,249 3618,248"/>
                <TextEquiv>
                    <Unicode>208</Unicode>
                </TextEquiv>
            </TextLine>
            <TextEquiv>
                <Unicode>































</Unicode>
            </TextEquiv>
        </TextRegion>
    </Page>
</PcGts>
