3690 4667
1942 269 2592 396 Wien, 13.9.1929.
383 267 1663 412 An A.S. Marienbad,Hotel Weimar.
525 524 1142 683 Mein Liebstes,
1068 643 3175 803 es war so hübsch und so beruhigend Deinen Gruss hier
546 779 3178 926 vorzufinden, als ich um ½11 Uhr etwas taumelig vor Müdigkeit ankam
555 938 3344 1066 und ich danke Dir sehr dafür. Die Fahrt schien mir endlos, der Schmutz
546 1049 3342 1199 in dem von Paris kommenden und nach Bukarest gehenden Waggon war bei¬
545 1191 3258 1346 spiellos und eine in meinem Coupé sitzende, sehr mindere Engländerin
546 1292 3346 1435 sagte, sie hätte so ein "Compartiment" noch nicht gesehen. Später stieg
550 1431 3329 1567 noch eine andere, sehr nette deutsche junge Dame ein (ich schätze sehr
553 1585 3269 1717 gute jüdische Familie), mit der ich ein wenig sprach und in Wels ein
576 1705 3310 1848 recht gut aussehender Herr. Ich war so hin, dass mir immer die Augen
542 1846 3210 1982 zufielen, ohne schlafen zu können. Mit Träger, Koffer, Taxi hatte ich
541 1957 3261 2103 natürlich das heimatliche Gfrett. Aber schliesslich war ich doch um
530 2082 3284 2245 ½11 daheim, fand meine Wohnung in schönster Ordnung, alles nach meiner
536 2245 3214 2347 Vorschrift gereinigt, blendend sauber und in allen Vasen Blumen von
528 2366 3258 2495 Hausfrau und Gärtner, der sich offenbar bei mir einschmeicheln will.
585 2464 3263 2611 Ich stürzte mich gleich auf Dein Telegramm, mit dem ich mich riesig
541 2637 3282 2751 freute. Schlaf trotz dieser grossen Müdigkeit (ja vielleicht deswegen)
544 2751 3132 2903 und Schlafmittel recht elend, und um 7 Uhr ganz vergnügt erwacht.
1049 2896 3254 3001 Der eine hässliche Tag ist auf etwas ganz Winziges und
536 3007 3256 3134 Unwesentliches zusammengeschmolzen und es bleibt nur die Erinnerung
573 3171 3297 3287 an diese wunderschöne, sonnige Zeit. Hoffentlich geht es Dir auch so
528 3280 3216 3411 und Du sehnet Dich auch da fortzusetzen, wo wir aufgehört haben und
532 3413 1996 3566 zusammen sehr jung und froh zu sein.
1049 3530 3446 3677 Ich wünschte, dass Du Dich nach der ermüdenden Herumfahrer
522 3662 3339 3845 die paar Tage recht ausruhst und Dich nicht zu sehr alterierst. Minna
529 3805 3249 3917 habe ich bereits telefoniert, dass Du am 18. kommen dürftest,dass sie
527 3928 3316 4034 aber jedesfalls am 17. fertig sein soll, was ihr, wie sie mir sagte, sehr
524 4048 3232 4245 leicht möglich ist, nur bis zum 12. hätte sie nicht gut so weit sein
527 4200 3292 4332 können. Mit der Postnachsendung wartet sie auf Deine oder meine Ver¬
