3690 4687
2208 242 2874 420 Wien, 21.4.1926.
513 359 1334 543 An A.S. (Mittelmeer)
530 550 940 714 Liebster,
926 697 3296 818 Morgen wird es eine Woche, dass Du fort bist und ich weiss
519 846 3320 989 noch nichts von Dir. Vielleicht hättest Du doch einen telegrafischen
528 956 2457 1099 Gruss von Palermo oder Neapel absenden können.-
928 1069 3349 1265 Einen Brief werde ich wohl erst am 23. erhalten. Zuverzählen
538 1251 3492 1376 ist nicht viel. Sonntag Nachmittag waren programngemäss Byk und Emmy Erl.
536 1355 3333 1486 da und später gingen Emmy und ich noch ins Kino zum "Generaldirektor"
526 1488 3377 1648 mit Bassermann, da Byk in einen Vortrag musste. Ganz guter Film, Basser-
568 1646 3416 1755 ann fabelhaft wie immer. Der Montag Abend mit Frieda,Otto und Frau und
512 1741 3294 1866 meinem Sohn Karl war besonders nett und gemütlich. Gestern Vormittag
555 1901 3278 2055 war ich in der Stadt. Nachmittag versuchte ich zu arbeiten (an der
541 2019 3400 2140 "Treppe"). aber es geht noch nicht. Heute Vormittag wieder in der Stadt,
509 2106 3312 2266 Begegnung mit Siegfried Trebitach, der auf mich zu kam und mir sagte,
526 2282 3334 2432 dass er das Gedicht in der Neuen Freien Presse das Schönste von allem
522 2421 3311 2572 finde, was ich je geschrieben. Wie von einer ganz grossen Lyrikerin".
494 2525 3279 2649 Schad, dass man das nicht als Orden im Knopfloch tragen kann. Ich war
527 2655 3192 2794 kühl-liebenswürdig.-Letzthin traf und sprach ich in der Stadt auch
546 2775 3287 2911 Paula Beer-Hofmann, aber das Referat dieses längeren Gesprächs lasse
521 2947 3186 3087 ich mir fürs Mündliche.-Jetzt eben erwarte ich eben Baron P.- Das
498 3079 3416 3202 Wetter ist kuhl, regnerisch, unsicher. Mittag ist sogar ein Gewitter nie-
522 3166 1034 3326 dergegangen.
2185 3317 2594 3458 Abend 19.
534 3445 3320 3599 P. war 2 Stunden hier. Wir tranken Tee und plauschten sehr gut.Seine
554 3586 3200 3728 arme Herzlichkeit hat etwas Wohltuendes. Ich gehe zeitlich zu Bett
513 3710 3302 3872 und werde mich noch mit der "Treppe" beschäftigen. Während P. da war,
515 3821 3319 3953 gab es ein zweiten, kurzes Gewitter, mit Regen, Donner und Blitz und da-
504 3990 3426 4146 bei brannte das Feuer in meinen Kamin, weil es so kalt in dem Zimmer ist.
501 4079 1751 4276 Lebwohl für heute, ich bin müd.
3437 89 3570 237 283
