3771 4723
678 374 1371 569 Tgb. 19.12.1930.
718 617 3450 716 dacht ist wieder in mir, aber ich lasse nichts merken. Er hat seinen
716 731 3402 858 Kleiderkasten rasch zugemacht, als ich näherkam,als wolle er verhü-
684 843 3399 960 ten, dass ich hineinsehe und war dabei merkwürdig bloss und atemlos.
681 1019 3307 1124 Voriges Jahr hing einmal ein himelblauer Schlafrock
681 1133 3420 1273 in diesem Kasten und er sagte damals auf meine erstaunte Frage, dass
674 1210 3488 1365 er Lili gehöre und ich glaubte ihm. Vielleicht hat er an diese Erklä-
689 1360 3297 1526 rung vergessen und hatte Angst, dass ich ihn verdächtigen könnte,
685 1536 2085 1652 wenn ich diesen Schlafrock sähe. -
676 1620 3387 1799 Es ist vvielleicht wirklich vertrottelt von mir misstrauisch gegen
729 1754 3386 1886 diesen müden alten Mann zu sein. Aber sein ganzes Verhalten gegen
672 1895 2904 2006 m ich ist so sonderbar, so unnatürlich und veränderlich.
687 2040 1853 2154 Mittag Cary-Magdi.Gemütlich.
695 2125 3381 2294 Um 8 Uhr Abend kam A. auf eine halbe Stunde, ehe er zu Menczel ging
693 2287 3364 2443 (Tagger-Bruckner dort). xxx sagte, ich sehe so gut aus wie noch nie
688 2421 3364 2567 und machte einen Augenblick lang ein sehr zärtliches Gesicht. Dann
735 2550 3417 2671 legte er es mit einem Ruck wieder in strenge kühle Falten. Es ist
698 2680 3572 2834 oft, als habe ihm jemand hypnotische Befehle für sein Verhalten gegeben.
684 2808 3341 2939 Seit rei Tagen etwas unter Null, leichtes Schneegestöber und
685 2944 1162 3073 Windstille.
3503 117 3652 281 130
