3782 4638
2306 203 2847 338 Wien, 3.7.1930
2136 263 3300 398 (nach Karlsbad, Haus Osborn).
652 433 3314 558 Mein Liebes, heute Vormittag kam Deine erste Karte, eben jetzt beim
690 546 3442 706 schwarzen Kaffee Deine zweite. Ich danke Dir sehr. Gut, dass Du dank
646 678 3437 820 Deiner Energie ein anständiges Zimmer bekommen hast, doch der Gedanke
682 809 3480 1005 ist mir mehr als unangenehm, dass Du aus Ersparungsrücksichten am Ende
710 950 3388 1094 weniger gut essen könntest als es Dir in jeder Hinsicht nötig ist;
711 1072 3410 1226 auch mit Rücksicht auf Deine Galle. Die Bitte, die ich daran knüpfe,
668 1210 3434 1392 muss ich hoffentlich nicht aussprechen und sage mir nur, dass sie er¬
643 1343 3449 1496 füllt ist.– Ich werde jedenfalls Sonntag Früh sagen wir 9–10 telefo¬
678 1492 3394 1603 niern und zwar mit Voranmeldung; – bist Du also nicht da, so ist das
705 1592 3573 1784 kein Unglück. Ist Dir aber irgend eine andere Stunde, zu welcher Tages¬
676 1739 2669 1898 zeit immer, bequemer so schreib es mir gleich.
672 1893 3388 2021 Ich befinde mich leidlich, – diktiere den Roman – versuch es auf je¬
668 2025 3480 2161 denfall. Anträge aus Amerika wimmeln nur so: nach Bernhardi, Komtesse
709 2134 3433 2256 Mizi; – Zwischenspiel, Weites Land. Auch Film meldet sich – Liebelei,
712 2273 3457 2387 Tonfilm, – Reigen, Traumnovelle. Ob was aus einem oder andern wird ist
689 2407 3529 2535 fraglich. Morgen Abend ist Schuster (die Hälfte von Simon &amp; Schuster,-)
699 2512 3525 2657 zusammen mit Beer-Hofmann und Lipzin bei mir. Gestern mit Geyer wieder
682 2673 2522 2794 telefoniert - ich sehe ihn vielleicht morgen.
721 2771 3193 2903 Corday gestern angefangen; – werde die Woche jedesfalls fertig.
687 2925 3382 3037 Lass Dir wohl ergehen, mein Kind, meine besten Wünsche sind bei Dir
679 3057 2193 3231 und um Dich. Ich umarme Dich. Dein A.
1919 3184 2164 3295 - - - -
