3771 4694
1473 348 1727 486 bestehe
474 431 3512 584 reundschaftliche Beziehung,- es werde mir dadurch nichts weggenommen, nicht
468 580 3478 722 as Geringste. Der Schluss Zärtlichkeiten, (Sinnlichkei) ohne das einer
437 720 1835 865 von uns seinen Standpunkt aufgiebt.
391 824 3588 967 24ten Wundervoller Auto-Ausflug mit Steffenelli nach Sulden. Schöner Tag schö-
380 967 3629 1090 ner Abend in Bozen. Flitterwochen - Stimmung. Aber ich werde ihrer doch nichtmehr
382 1119 2720 1237 froh. Ich weiss was dieser Winter an Qualen bringen wird.
383 1219 3600 1357 25 ten Aug. Fahrt nach Gardone, wo wir bleiben sollen. Reise trotz ihrer Kürze
2637 1337 2739 1410 um
382 1357 3546 1491 recht abenteuerlich. Nicht zu ernieren ob man in Verona aussteigen, muss oder
383 1507 3664 1644 nicht A. war sehr nervös und zappelig ich sehr ruhig. Bei der Ankunft, Unannehm-
383 1617 3502 1795 lichkeiten wegen des Autos, das sich für ein vom Hotel geschicktes Auto ausge-
388 1757 3589 1907 geben hatte und dann bezahlt werden sollte. A. tobt, wil sofort wieder abreisen,
385 1909 3565 2031 ist mit Allem unzufrieden. Schliezslich behält er wgen des Autos recht und be-
386 2037 2144 2187 ruhigt sich. Sehr ermutet zeitlich zu Bett.
394 2158 3521 2288 26ten Stiller unwesentlicher Tag, aber ich habe zu arbeiten begonnen und das
397 2293 2415 2415 ist sehr wichtig. Aussicht auf den See wundervoll.
381 2419 3593 2569 27 ten Habe A. allein spazieren gehen lassen, will einige Correspondenz erledi-
390 2543 3509 2685 gen, damit mir der Nachmittag zum Arbeiten bleibt. Das Wetter ist himmlisch
391 2647 3243 2824 Ich bin schon viel in der Sonne gelegen. A. rennt ruhelos hinund her.
389 2779 3480 2950 Gegen Mittag gebadet. Ich nur ein wenig im Wasser geplätschert, da ich wegen
381 2930 3549 3080 meiner "Galle" nicht schwimmen soll. A. schwamm weit hinaus, dann lagen wir
390 3078 3558 3204 nebeneinander in der Sonne- und  Wir giengen in den Schwinn- Anzügen
393 3201 3610 3354 ins Hotel zurück. Ich glaube ich habe gut ausgesehen -- A. kam in mein Zimmer--
401 3295 2006 3492 Nachmittag gut und fleissig gearbeitet.
383 3462 3591 3635 Der Abend von einer tiefen Traurigkeit. Wir sind sehr freundlich zu einander,
391 3571 3041 3751 aber wirkliche Herzlichkeit kommt nicht auf. Nicht meine Schuld.
390 3692 3664 3850 In einem Beisel gegessen dann hier in der Halle gelesen. Steppen- Wolf von Hesse-
389 3831 3546 3985 28ten Vormittag Spaziergang nach Fasano. Heiss und stimmungslos. Kan etwas müde
383 3968 3511 4120 heim liess A. allein baden gehn. A. Brief von Dora M. Sie ist mit der O.
388 4110 3598 4255 zusammen. Ich fühle wie diese Frau von allen Seiten arbeitet und die Einflüsse
395 4216 2361 4402 sich in A.'Werhalten mir gegenüber auswirken.
381 4399 3481 4554 Der Abend womöglich noch trister. Wir haben beide bis 7 gearbeitet. Ich wäre
3567 105 3691 261 56
