3771 4723
703 329 1345 492 Tgb. 30.9.1930.
696 580 1457 719 Ich musste lachen.
696 690 3538 865 1.10. Am Nachmittag bei Alma und Werfel. Begegnung mit Frau v.Zsolnay.
707 862 3402 995 Abend "Olympia" mit A. (lächerliches Stück, das A. milder beurteilt
708 972 3304 1104 als ich). Nachher Imperial. Konversation, die nicht von Rang ist.
708 1135 3259 1255 2.10. Vormittaghbel Hofrätin Z. Nachmittag 4 Uhr Hofrat Pirquet
712 1237 3431 1413 (erinnert an Leonhardi). Dann bei Hans Porges und Frau ihr Kind be-
702 1382 2059 1494 sichtigen. Wie alt man doch wird!
1436 1485 1591 1558 Mrs
704 1488 3388 1642 3.10. Mit A. bei "Nxxx Selby" (Raimundtheater) mit Massary in der
715 1636 3416 1776 Titelrolle. Gute Vorstellung. Königswarters neben uns. (Enervant).
711 1768 3391 1944 4.10. Mittag Harry, dann Frieda diktiert. Abend Suppentheater mit
731 1917 3351 2034 A. und Frieda im Schönbrunner Theater. Recht langweilig. Nachher
715 2052 3497 2144 im Weingartel genachtmahlt. Frieda fand mich besonders gut aussehend.
2476 2109 2824 2217 Heimfahrt
715 2179 3388 2284 Frieda bei ihrer Wohnung abgesetzt. Auf der Heimat A. einen leisen
711 2309 2433 2428 Kuss auf meine Stirne und zärtliche Worte.
696 2433 3306 2584 Sonntag 5.10. "Dame" 2.Akt in der Presse. Mittag soll ich zu A.
721 2578 1153 2701 Es regnet.
708 2681 3388 2842 6.10.Gestern Mittag bei A. Entschieden gemütlicher. A. schüchterne
734 2826 3466 2947 Zärtlichkeitsversuche. Ich bleibe reserviert, aber freundlich. Näch-
1758 2919 1937 3003 Kram
709 2949 3393 3064 stens, wenn es ihm in den passt, erzählt er mir doch wieder, dass
715 3090 1964 3217 er nur "Freundschaft empfindet."
750 3199 3315 3364 Abends mit Magi und Cary im Café Imperial. Jedes Kaffeehaus ist
715 3372 3469 3470 gräulich, aber ein Abendessen im Restaurant zu Dritt wäre mir zu teu-
713 3492 3095 3615 er. Stürmisches Wetter, beginne zu heizen. 2.Gesangsstunde.
718 3604 3278 3720 7.10. Gestern Abend Cary, Magdi, Dr. D., Anny und A. zum Nachtmahl.
714 3734 3356 3857 A. so stumm und müde wie schon lange nicht. Erklärte es mir heute
706 3889 3439 4001 telefonisch damit, dass er so schlecht gehört habe, ohne dass ich ihm
1089 3961 1405 4033 den leurs temps
717 4016 2184 4142 auch nur einen Vorwurf gemacht habe.
708 4140 3528 4245 Mittag Fredi,Nachmittag Tante Clara (Geburtstag). Sturm und Kälte wie
3581 114 3683 293 101
