3759 4670
1913 316 3392 474 Bad Gastein, 12. August 1931.7 Uhr ab.
718 534 3330 726 Lieber! Ich bin ohne Antwort auf meinen Brief und möchte Dir nur
764 692 3333 816 noch sagen, - es hat mir nachträglich leid getan, dass ich Dir auf
748 833 3486 951 das Datum um den 20. herum nicht den 17. vorschlug, da der 16. viel-
769 985 3376 1102 leicht durch Heinig Abreise, ein Klonflikt oder eine Hetzerei für
762 1088 3462 1248 Dich sein könnte. Ueber dieses hinaus sehe ich aber nichts, was ein
715 1213 3447 1340 triftiges Hindernis sein könnte und ich kann meinen Aufenthalt hier
703 1337 3397 1482 nicht länger audehnen. Ich darf und will es nicht riskieren, dass
733 1478 3424 1633 mir die Mittel für eine ev. Heimreise ausgehen oder ich in Wien zu
789 1594 3307 1737 wenig habe, um bis zum 1. durchhalten zu können. Bitte verstehe
774 1755 1013 1898 mich!
728 1832 3346 2007 Ob Du am 17. hieher kommen willst oder mich in Salzburg erwarten
779 2006 3296 2120 steht bei Dir. Du hast glaube ich von Gmunden einen sehr guten
767 2136 3336 2300 Zug, der via Attnang um 3/4 2 in Salzburg ist, ich einen, der um 5
785 2266 3364 2409 Uhr Nachm. nach Dir ankäme. Nachmittagszüge von Salzburg hieher,
741 2408 2533 2546 gibt es 2 mehr gute, wenn Dir das lieber ist.
742 2523 3543 2689 In jedem Fall bitte ich Dich nur das zu tun, was Du Bir zuliebe tust.
728 2620 3464 2806 Alles andere wäre von vornherein falsch ganz falsch. Ich bitte Dich
723 2813 3379 2928 auch sehr mir gleich nach Erhalt dieser Zeilen zu telegraphieren.
783 2904 3425 3060 da ich - wenn wir nicht zusammenkommen, wohl früher fortgehe - und
739 3049 1881 3197 Dispositionen treffen muss.
733 3167 3472 3317 Ich war vorgestern einen Moment im Hotel Austria, weil ich dem Medi-
785 3316 3379 3407 zinalrat Bloch für einen rührend begeisterten Brief, über meine
792 3457 3500 3564 "Betrachtungen" danken wollte. Da traf und sprach ich flüch ig Dei-
720 3575 1581 3708 nen Bruder und Frau.
732 3672 3505 3844 Die Sängerin Luise Fränkel-Ehrenstein liess sich mir durch den Herrn
791 3801 3513 3959 von Tolnay (auf der Durchreise vom Engadi) ) vorstellen, um mir Lob-
785 3962 2379 4072 hudeleien über meine Arbeiten zu sagen.
730 4065 3458 4257 Für gestern Abend war ich vom Präsidenten Bloch-Bauer zum Nachtmahl
783 4199 3499 4346 ins Hotel Weismayr geladen, er ist mit Frau von Eyk, seiner Freundin,
3568 97 3630 218 21
