3799 4694
1816 290 3309 448 Berlin, 28.12.1929. Hotel Esplanade.
1815 414 2618 541 Nach dem Frühstück.
690 527 3586 649 Mein Liebes, Chronik der Reise. Den Hollywood-Roman ausgelesen (Schluss
705 648 3383 767 Überhetzt), -Nachtmahl à la carte im Speisewagen. Zufällig gegenüber
740 750 3371 936 Schriftsteller Victor Willner (bei Ullstein, Wuerschnitt, auch
701 922 3415 1043 Tempo) - Leidlich geschlafen, Ankunft bei Regen (wenig). Esplanade; -
748 1051 3390 1179 angenehmes Zimmer mit Bad (wenn nur die Douche ginge!) - Heini um
700 1187 3582 1284 10. Gegen 11 zur Probe; -fertig gemacht; 3 Uhr O.; -bettlägerig. Arnoldo; -
746 1311 3503 1446 viel über die Zustände in Italien und Arnoldos gegenwärtigen Posten,
736 1448 3636 1569 Arbeit, Aussichten; mit ihm spazieren (er ist zum erstenmal in Berlin); -
698 1588 3430 1711 bei O. mit A. gegessen, Heini von der Probe etwas später; - nach 4 im
672 1695 3415 1827 Hotel; - unbeschreibliche Müdigkeit, gelesen (Lit.Echo u. dgl. X - um 27
687 1830 3340 1976 holt mich A.; -in ein ziemlich fern gelegenes Kino, fast unbekannt,
697 1958 3382 2094 aber besonders hübsch; - Ungarische Rhapsodie; vorzüglich - das
693 2085 3263 2188 Ende albern, wegen des dringenden "Happy" - - dann entdeckte ich
695 2230 3465 2395 (durch Vermittlung einender Espl.-Directoren) ein angenehmes stilles
694 2342 3286 2470 Alt-Berliner Restaurant an der Postdamer Brücke (also recht nah)
697 2490 3461 2604 wo ich mit Arnoldo nachtmahlte.-Recht gut geschlafen, mit argen Kopf-
729 2624 3468 2715 schmerzen erwacht - und so müd, dass ich mich nochmals hinlegte. Te-
697 2737 3500 2872 lefonische Gespräche mit Dora, Frau Fischer, Heini; -will im Tiergarten
736 2876 3464 2989 spazieren gehen (Wetter wieder kühl und klar) - und zu Feilchenfeld.-
725 3002 3517 3187 Zu Tisch bei Mimi und Viki.-Abends ins Theater,Petroleuminseln, worin
706 3116 1730 3292 Heini zwei Rollen spielt.
696 3286 3495 3403 Lebwohl, mein Liebes- ich bin mit meinen besten und innigsten Gedanken
692 3364 2171 3540 bei Dir. Ich küsse Dich sehr. Dein A.
1742 3496 1995 3648 - - - -
3562 101 3688 291 174
