3726 4662
2092 286 2980 441 Seelisberg, 15.8.1924.
547 487 3466 654 Guten Morgen, Liebster. Ich schreibe Dir rasch diese Zeilenbeim Frühstück
582 601 3376 799 sitzend, da ich dann gleich spazieren laufen will. Es ist schön und die
530 743 3388 912 Sonne scheint. Wir sprachen uns gestern Abend. Deine Stimme klang fern
529 894 3384 991 und fremd. Ich habe über Deine Vorschläge viel nachgedacht und das Re-
534 1025 3173 1167 sultate wird wohl sein, dass ich Montag Früh nach St. Moritz fahre.
526 1132 3374 1259 Für mich spricht manches dagegen. Erstens dass es doch nicht das rich-
533 1247 3312 1393 tige Zusammensein wird. Verabredungen von allem Möglichen abhängig -
519 1401 3288 1547 Begegnungen, die enervieren, auch wenn es ganz gleichgültige sind, ein-
524 1574 3409 1707 same Mahlzeiten für mich und eingrösserer Brauch. Die Reise von hier
522 1681 3291 1801 nach St. Moritz mit Gepäck und von dort an die italienischen Sea ist
513 1811 3249 1987 natürlich viel kostspielger als von hier aus und dann sind die Ver-
512 1936 3335 2062 lockungen an Ort und Stelle, Einkäufe, denen ich nicht ganz widerstehen
537 2051 3320 2183 werde. Aber alle diese Bedenken sind hinfällig gegen den Umstand, dass
517 2214 3372 2356 es Dir dort so behagt, dass Du Dich gesundheitlich wohl fühlst. Das ist
516 2307 3241 2472 für mich und für die ganze Menschheit viel wichtiger und wenn Du
513 2441 3368 2573 nicht wieder anderer Meinung geworden bist, komme ich Montag. Ich nehme
514 2604 3312 2746 natürlich das Zimmer ohne fliessendes Wasser um 16 Francs, wenn es nur
511 2731 3207 2828 sonst schön und bequem ist und verlasse mich in der Wahl auf Dich.
516 2836 3404 2961 Ich war in Pontresina ohne fliessendes Wasser auch zufrieden. La Margna
552 2980 3295 3132 hat viel für sich, nur glaube ich, dass es wegen der vielen Passanten
513 3114 2541 3224 etwas lärmend sein wird. Kurzum, tu, was Du glaubst.
514 3216 3322 3372 Ich möche nur Folgendes genau wissen. Wann Du nach Lugano willst und
504 3376 3345 3514 wann Du Lill abholst und wann Du in Wien bist. Bitte sage mir das mor-
507 3484 3391 3644 gen am Telefon, ich erwarte Deinen Anruf am 1 Uhr. Mein Zug nach St. Mo-
503 3616 3401 3784 ritz geht hier schon um 7 Uhr 25 Früh ab, 11.35 in Chur,12.35 ab Chur
488 3752 3218 3900 St. Moritz an 15.30. Ein zweiter Zug um oca 13 kommt erst spät Abend
486 3900 3208 4015 nach St.M. und ist daher noch unangenehmer. Schau bitte noch selbst
505 4044 3208 4145 nach, ich weiss, Du studierst Fahrpläne mit Leidenschaft! So, nun habe
546 4103 3325 4226 ich glaube ich alles gesagt und schliesse mit tausend und mehr inni-
490 4163 3201 4307 gen Küssen. Ich habe heute Nacht viel Merkwürdiges von Dir geträumt.
1529 4248 1767 4380 Deine
1718 4305 2424 4442 Clara Katharina.
3506 123 3628 313 94
