3755 4706
2205 255 3032 440 30.7.1926. Bl. 3.
637 545 3241 681 ich möchte es dabei belassen, dass ich gegen 25. August auch wenn
586 684 3308 800 ich nicht mit ihnen zusammentreffen sollte, für eine kurze Zeit mich
567 803 3239 963 für xxx von Dir trenne, um dann, in den erwten Septembertagen, wenn Du
3086 909 3230 990 vom
627 955 3367 1086 Aussee verlässt, wieder“ zu Dir zu stossen. „Ob wir, Du und ich, und
597 1082 3259 1211 15. an im Gebirge oder am Wasser (Genfersee) zusammen sein werden;
589 1222 3440 1353 das wollen wir von Wetter, Laune abhängig machen. Ich denke, es kann und
585 1345 3229 1487 wird überall schön sein. Vor Depressionen will ich mich hüten, und
592 1480 3357 1579 im übrigen bitt ich Dich zu glauben, dass ich Dieh auch lieb hab, wenn
571 1599 3307 1711 Dus nicht merket (oder nicht mecken willst) und obwohl ich niemals
570 1757 3471 1887 mit so "netten" Worten, wie Du allzu bescheiden sagst, auszusprehhen ver-
581 1847 1111 2006 mag als Du).
587 1980 3275 2138 Und nun sehr Liebes, drück ich Dich zärtlich an mein Herz und küsse
556 2097 1256 2240 Dich tausendmal.
1338 2230 1667 2398 Dein A.
1776 2277 1981 2516 sowie
3485 115 3651 278 311
