2793 3358
1271 376 1341 492 2°
1874 374 2349 484 30. VII. 97.
334 623 2567 763 Fremdes, Gewaltiges rüttelt einen auf. Ich war ein paa-r
285 785 2435 871 mal unten mir's anschauen, auch jetzt noch, am Abend.
289 896 2525 1037 Viele Geschäftsleute räumen aus, die elektrische Stras-
276 1016 2327 1180 senbeleuchtung ist zerstört, in vielen Häusern das
304 1166 2405 1300 Wasser und auf den hohen schmutzigbraunen Wogen wer-
293 1281 2410 1401 den zahllose mächtige Bäume, Holztrümmer, Teile von
275 1422 2326 1545 Häusern daher getrieben. Früher sah ich eine ganze
272 1535 1683 1693 hölzerne Treppe herunterschwimmen.
363 1699 2254 1831 Da schreibe ich Dir nun Alles mögliche, was Lu
286 1809 2417 1958 wohl viel ausführlicher wenn auch weniger wahrheits-
299 1946 2298 2082 getreu in den Zeitungen lesen wirst, aber wnn man
282 2085 2314 2199 den ganzen Tag unter so einem Eindruck gelebt hat,
289 2217 2409 2313 so kann man nicht rasch aus dem heraus und zu anderm
287 2356 2289 2486 übergehen. Dafür wird mein Brief sehr lang. Bitte
298 2477 2327 2598 erschrick nicht darüber. Nättest Du mir zuerst ge-
293 2584 2374 2725 schrieben, so hätte ich mich vielleicht nach Deinem
297 2727 2329 2851 Format gerichtet, hast Du mir Hallstatt verziehen.
289 2862 2337 3005 Es hat mir wirklich so leid getan, dass es so aus-
294 3016 2301 3115 gefallen ist. Aber ich eigentlich mehr dabei ver-
303 3136 2335 3241 loren als Du, denn ich hatte Dir noch so eine Men-
2509 95 2672 332 4/21
