3674 4678
2837 261 3195 469 14.5.30.
682 518 3287 648 verzichte auf mich.- Der Zustand dieses Winters darf keine Fort-
636 646 3315 805 setzung haben. Wenn wir uns jetzt wiedersehen, so muss es mit Liebe
633 770 2311 929 sein und nicht böse und nicht verkrampft.
1143 877 3309 1082 Entscheidest Du gegen mich, dann rufe mich eben nicht
622 1046 3484 1180 an und Du wirst lange, sehr lange nichts mehr von mir hören und wissen.
1199 1171 3295 1306 Was das für mich heisst, geht nur mich allein an und
625 1294 3024 1433 keinesfalls werden Dir Unzukömmlichkeiten daraus erwachsen.
1156 1429 3210 1602 Vielleicht ist es meinen armen Worten gelungen bis
638 1568 3281 1679 zu jener Stelle zu dringen, wo Dein Herz ist. Dann kann noch alles
646 1676 3349 1834 gut werden. Wenn nicht - bin ich eben mit diesen Zeilen Deinen Wün-
655 1824 3319 1948 schen entgegengekommen. Ich bin heute ab 4 Uhr zuhause, morgen Don-
630 1950 3040 2068 nerstag, wenn ich heute nichts von Dir höre, nicht mehr hier.
1186 2079 3278 2248 Wie immer Du wählts, es soll gut für Dich sein. Ich
629 2180 2407 2332 wünsche Dir vom Herzen immer nur das Beste.
1427 2324 1690 2488 Deine
1671 2467 1862 2601 C.K.
3498 81 3615 283 42
