3758 4670
2047 351 2910 510 Karerpass, 13.8.1925.
584 518 3455 641 Mein Liebes, mein Telegramm hast Du erhalten. Meine weiteren Reisepläne
559 606 3265 784 werden sich erst in Bozen entscheiden. Die Ofenstrasse scheint für
573 773 3313 911 Privatautos verboten; so ist es vorläufig unklar, wie in die Schweiz
587 888 3312 1034 einzufahren wäre. Ich werde gleich nach meiner Ankunft in Bozen In-
1580 985 1722 1066 Dire
576 1001 3344 1198 formationen einholen, und xxx entweder Samstag zwischen 4 und 5 oder
581 1171 3317 1297 Sonntag Früh zwischen 9 und 10 zu telefonieren versuchen. In jedem
581 1271 3274 1428 Fall sehen wir uns jetzt, und ich bin sehr froh, dass wir weiteres
604 1399 3255 1545 Aug in Aug und Herz an Herzen besprechen können.- Ich fahre morgen
563 1549 3491 1708 Früh nach Bozen mit Heini, gleichfalls morgen oder Sonntag fahren Licht's
568 1683 3689 1872 vermutlich an einen italienischen See oder ans Meer) sowie Pollaczeks. (H. Owenig
570 1785 2113 1965 Vom Weiher ist der halbe 3.Akt fertig.
602 1934 1974 2091 Sei tausendmal umarmt mein Liebes
1503 2055 1745 2195 Dein
1752 2180 1884 2339 A.
