3742 4662
2073 291 2820 462 Salzburg, 4.7.1924.
2291 411 2755 521 (nach Wien)
562 495 3403 622 Liebste, eben wie ich die Karte an Dich hinuntertrage, finde ich Dei-
585 651 3430 777 nen express-rec. Brief in meinem Schlüsselfach beim Portier, - "stürze"
591 766 3491 929 in mein Zimmer zurück, lese ihn (trotz der "übrigens", deren Mehrzahl ich
587 908 3328 1039 nicht bemerkt hätte) mit Vergnügen und Freude und sende meinerKarte
626 1033 3607 1203 noch einige sehr innige Grüsze und Küsse nach. Die "Lettres a l'Etrangere
592 1166 3363 1350 kannst Du Dir natürlich so lange behalten als Du willst. Ich las das
566 1312 3386 1457 Buch vor 20 Jahre circa - was ich unterstrichen habe weiss ich nicht
594 1415 3361 1592 mehr - nicht einmal, dass und ob ich unterstrichen - da das im allge-
581 1548 3444 1691 meinen nicht meine Gewohnheit ist. Mit Deiner Vermutung Frau von H. sei
586 1679 3483 1815 des wunderbaren Mannes nicht wert gewesen, der sie gelebt ( - oder viel-
576 1844 3358 1937 mehr das was er als Idol vor sich hingestellt und als Frau v.H. be-
2266 1930 2466 2022 cela
580 1968 3347 2074 zeichnet hat) - hättest Du gewiss Recht, - weil der Begriff des "Wert-
579 2121 3302 2239 seins" im Erotischen nicht seltsamen Umbildungen unterworfen wäre.
585 2212 3397 2333 Dass sie mit einem liebenswürdigen Kondolenzbesucher wenige Tage nach
575 2357 3346 2518 des Gatten Tod so ihm oder seinem Angedenken die Treue brach, habe ich
581 2473 3326 2589 nie sehr nett gefunden: - aber vielleicht hätte sie nur zu beweisen
591 2574 3370 2736 verstanden, dass gerade das die richtige Art war ihm "im höheren Sinn"
620 2736 1555 2906 die Treue zu wahren. -
577 2837 3547 2978 In jedem Fall ist es ein herrliches Buch. Und wenn Du Briefe gern liest,-
576 3010 2898 3147 ich hab noch viel schönere für Dich in meiner Bibliothek.
579 3124 3472 3258 Ich muss hinunter. Die Leute erwarten mich. Wie freu ich mich auf Dich,
565 3253 948 3398 Liebste.
1002 3381 1228 3509 Dein
1255 3518 1358 3651 A.
3503 113 3625 295 75
