3787 4698
1664 214 3061 360 Zwischen Lissabon und Gran Canaria
1660 329 2626 459 Dampfer Adolf Woehrmann
1649 402 2093 524 27.4.1926.
802 560 3289 691 Liebste, gestern also haben wir uns auf diesem Dampfer für Las
806 715 3176 836 Palmas eingeschifft. Das Wetter klar, das Meer still, -aber es
800 845 3331 971 bleibt kühl und auf dem Deck spazier ich im Ueberzieher auf und
801 959 3399 1147 ab. Das Schiff ist famos; - von einer fast unwahrscheinlich Blie¬
810 1116 3365 1232 sauberkeit; nebstbei Überfüllt, - meist Deutsche ; -es macht
818 1217 3393 1389 (im Verlauf von etwa 3 Monaten) die Baute um ganz Afrika, für die
807 1348 3422 1492 eben nur ein Passagier eingestiegen ist. Man ist völlig auf deut-
803 1501 3432 1612 schen Boden - und alles strahlt Tüchtigkeit, Organisation, Entwick-
808 1616 3390 1762 lung aus.-Die Typen allerdings zum Theil aus dem Simplicissimus,
796 1758 3370 1905 und es stört ein wenig, dass ein Viertel der Männer aussehen wie
811 1889 3491 2007 Stresemann (vom Obersteward angefangen). Das Essen (man muss davon
797 2009 3436 2133 sprechen) glänzend; - man bestellt was man will und beliebt es ei-
793 2169 3398 2282 nem, so kann man die ganze Speisekarte durchessen. Unsere Kajüten
796 2286 3358 2426 allerdings stehen denen auf der Martha Washington nach; - kleine
805 2406 3443 2555 Innenkabinen mit wenig Luft und künstlichem Licht (immerhin haben
792 2496 3471 2684 die Koffer noch nothdürfig - offen gelassen - Platz).DDie Gesell-
793 2644 3436 2809 schaftsräume viel besser als auf M.W. (ich sitze jetzt z.B. in ei-
786 2797 3391 2935 nem kleinen länglichen Schreibzimmer). Natürlich Musik (Quartett
779 2927 3502 3072 mit Clavier) zu allen Tageszeiten; und Tanz am Abend. Sehr lärmend,
773 3042 3429 3211 Dutzende Kinder; - überdies werden auf allen Verdecken die üblichen
782 3205 3354 3352 Spiele (Ringwerfen etc.) gespielt; ich habe etwa 10 Partien ge-
772 3294 1073 3422 zählt.
772 3449 3445 3609 Die 2.und 3.Classe ebenso nett wie die 1. (zum Unterschied von der
770 3584 3395 3730 M.W.-, wo die andern Classen proletarisch waren). Die Bedienungs-
765 3726 3414 3873 mannschaft vortrefflich und durchaus deutsch; - die Officiere viel
1772 3798 1894 3883 cette
781 3847 3504 4006 unsichtbarer, gewaschener als weniger interessant als auf der M.W. -
774 3992 3177 4127 so weit sich das bei der Unsichtbarkeit beurtheilen lässt.-
769 4108 3317 4252 Sonderbar zu denken, dass Du diesen Brief wohl frühestens in 10
2735 4220 2887 4292 uns
772 4239 3404 4391 Tagen bekommen wirst. Ich muss noch bemerken, dass Sonntag der
3552 112 3653 273 76
