2794 3362
2495 107 2622 256 14
1486 310 2204 434 9. V. 1923. Wien.
1695 422 2611 568 (nah Danemach)
535 651 2427 753 Ich bin heute recht verdriesslich. Man hat ein
394 806 2529 892 Zimmer bei mir angefordert, und zwar das Speisezimmer
392 902 2424 1026 weil ich ein Kabinett zu viel habe. Wie finden Sie
395 1044 2470 1143 das? Ich war heut noch gar nicht fort, denn es ist
393 1203 2386 1298 zu heiss. Gegen Abend d端rfte mich Puthon besuchen
402 1304 2431 1412 und morgen soll ich mit Frau von Scheible zusammen
391 1456 2325 1553 sein. Sonst habe ich kein Vergn端gungsprogramm -
393 1568 2468 1678 Ich hoffe die Berliner Tage haben Sie nicht zu sehr
396 1719 2415 1803 erm端det und ich freue mich schon auf das erste Le-
390 1831 1324 1937 benszeichen von Ihnen.
668 2011 1920 2145 Viele Gr端sse und gute Gedanken
1390 2154 1789 2270 von Ihrer
1669 2281 2326 2418 Clara Katharina
