3771 4723
1780 283 2125 448 Tagebuch
748 433 3266 641 1.1.1931. Der Abend war ganz nett. Ich hatte mein grünes Kleid
745 614 3477 740 angezogen und glaub, ich hab gut ausgesehen, obwohl ich mich physisch
743 744 3355 874 nicht sehr wohl fühlte. Ich war sehr heiter, unterhielt mich viel
737 853 2943 1034 mit Friedas Bruder. Gegen A. konventionell freundlich.
729 1003 3419 1152 Heute Vormittag brachte mich A. zu Tante Clara, dann fuhr er weiter
730 1125 3380 1269 zu Julius, dessen Schwiegermutter gestorben ist. Gegen Abend tele-
781 1284 3382 1412 fonisches Gespräch mit Frieda, die mir ihr und ihres Bruders Ent-
747 1392 3455 1538 zücken über den gestrigen Abend mitteilte. Der Bruder war angeblich
725 1540 3495 1665 überrascht über die Schönheit meiner Haut (ich war nämlich decelle -
732 1641 3457 1805 tiezt). Immerhin ganz erfreulich in meinem Alter. Ich sagte Frieda,
726 1776 3296 1947 sie solle es A. erzählen. - Brief von Horch, der mir nochmals zu
718 1871 1751 2052 Kürzungen der "Corday"rät.
718 2022 3405 2219 2.1.31. Gestern Abend mit A. im Kino (Anna Krystin mit der Garbo).
725 2168 3367 2351 Wundervoll trotz Tonfilm. Nachher bei A., obwohl ich Restaurant
732 2313 3292 2450 vorgeschlagen hatte. Nach dem Nachtmahl in seinem Arbeitszimmer
728 2430 3405 2593 frug er mich, warum ich innerlich nicht gut zu ihm stehe. Ich müsse
710 2586 3424 2693 doch fühlen, dass er mich jetzt besonders lieb habe. Ich antwortete,
708 2669 3427 2876 dass ich das gar nicht merke, und mich doch ganz seinen Wünschen und
703 2814 3422 2970 Intentionen in meinem Wesen füge, er wolle es doch gar nicht anders.
706 2967 3266 3122 Er meinte wieder, es sei bei ihm nur ein Versagen der Libido und
710 3046 3439 3249 auch die Tiere im Winter.... etc. Das habe aber mit seinen Gefühlen
708 3230 3356 3383 für mich nichts zu tun, er vermag nur nicht sie zu äussern. Im
707 3362 3509 3518 ganzen war es ein besserer Abend als sonst. Aber ich will mich keinen
702 3463 3395 3625 Hoffnungen mehr hingeben, es kommen doch immer Enttäuschungen nach.
700 3604 3228 3801 3.1.31. Gestern Abend Theater a.d. Wien. Viktoria und ihr Husar.
698 3734 3389 3866 Besonders hübsche Operette. Nachher Weingartl. A. nicht gut ausge-
691 3882 3303 3993 sehen. Einvernehmen gut, aber ohne jede Zärtlichkeit. Heute gegen
691 3989 3420 4156 Abend bei Hedwig, dann zuhause und zeitlich zu Bett.
682 4123 3414 4266 4.1.31. A. telefonierte heute, dass er in der Früh wieder Ueblichkei
685 4282 3416 4400 ten hatte. Sicher die Reihe von Diätfehlern, auf die ich ihn vergeb-
684 4380 3222 4556 lich aufmerksam machte. Beuschel um ½12 im Gasthaus, Faschkugs-
3523 112 3649 258 134
