3731 4654
491 207 1347 415 Stockholm 22. 5 1923
379 496 3336 645 Vielen Dank für die lieben Karten und die Erinnerung an den 15.ten Mai
293 612 3342 759 Sie haben nun hoffentlich all meine Grüsse erhalten. Bald: Anfang nächster
297 747 3293 911 Woche hoffentlich werde ich mich leserlicher mit Ihnen unterhalten dürfen.
299 860 3272 990 Heute Abend »Liebelei« in schwedischen Theater, Donnerstag in Berlin wo
309 1002 3316 1138 ich mich je nach meinen Geschäften 3 oder 4 Tage aufhalten werde. Auf ein
327 1198 2224 1248 gutes Wiedersehen und tausend Grüsse! Ihr A. S.
566 1315 1268 1381 - - - - - -
310 1364 1242 1583 Stockholm 23.5.1923
427 1498 3371 1672 Ehe ich von hier abreise will ich Ihnen noch viele herzliche Grüsse senden.
307 1678 3303 1805 Gestern Abend hab ich eine sehr hübsche Liebelei-Vorstellung im Schwed.
309 1789 3362 1933 Theater gesehen; es waren durchaus anregende Tage hier; Landschaft Menschen
309 1934 3271 2091 und Künstlerisches wirkten warm und woltuend – alles was Sie interessieren
317 2077 3241 2195 sollte, erzähl ich Ihnen hoffendlich bald daheim. Ich freu mich sehr Sie
315 2182 2379 2375 wiederzusehen. Denken Sie meiner in Freundlichkeit.
1196 2316 1600 2472 Ihr A. S
886 2559 1892 2649 - - - - - -
312 2683 800 2878 24. Mai 1923
387 2810 2541 3018 Herzliche Grüsse von der Fähre u. Sassnitz! A. S.
