3787 4703
2308 280 3367 455 Hohenschwangau, 20.8.1928.
672 464 3353 608 Liebstes, ich will von gestern berichten, dass ich Vormittag in Neu-
626 615 3401 723 schwanstein war, - (allein, Heini war auf einem Berg namens Säuling und
677 741 3271 895 schon zu Mittag zurück) unter allerlei Sonntagsausflüglern, - auch
649 894 3438 1049 ein "Besichtiger". Welch ein Kitzch! Welcher Bochismus! - Was für Gemäl-
626 1023 3335 1171 de! Welche Oeldruck- und Coulissenphantasie! Welcher Matoidismus und
625 1130 3400 1259 welche Entlarvung der deutschen Mythologie und Heldensage.- Man hat
619 1238 3101 1410 Mühe in der Atmosphäre diesen königlichen Freund, dem Genie Wa¬
670 1418 2947 1564 genüber gerecht zu bleiben. Das Schloss selbst - eine gi
636 1525 3132 1669 sichtskarte. - Und die Besichtiger - lauter Figuren aus den Meg
669 1685 3235 1850 fer Blättern; - nur nicht so geruchlos.- Die Landschaft unangrei
628 1781 2006 1935 bar - deutsch im schönsten Sinn.-
631 1919 3348 2082 Nachmittag meinem Vorsatz getreu las ich die drei Bilder aus dem Zug
630 2045 3335 2233 das zweite und dritte noch schlecht. Dann das Wort. Drei Akte nicht
602 2178 3349 2338 übel, vierter und fünfter in jetziger Form unmöglich. Nur durch völli-
622 2317 2146 2470 ge Umarbeitung (vielleicht) zu retten
605 2409 2831 2601 Lese Disraeili (von Mauroiz), das "Schloss" von Kafka.-
605 2597 3384 2751 Mit dem Hotel besonders zufrieden. Hatte gewiss nichts besseres wäh-
623 2686 3300 2894 len können. Völlig uninteressantes, nicht gut aussehendes Publikum.
635 2827 3281 2993 Gestern Abend tauchten vier oder fünf interessantere Figuren auf,
603 2977 3442 3104 Herren und Damen, elegant und ästhetisch wohltuend.-Es waren Italiener.
594 3076 3331 3226 Von Träumen und Stimmungen möcht ich lieber nicht schreiben - viel-
623 3195 3364 3387 leicht gehts in einigen Tagen. Ohne Heini wär's hier schwer. Arnoldo,
612 3349 3377 3515 Olga dürften vor Donnerstag nicht hier sein. Heute Früh Dein Brief,
608 3514 3419 3657 mein Liebes, ich danke Dir sehr, sehr sehr. Morgen kommt wohl schon ein
636 3616 3251 3786 Bericht vom Semmering; der beste Morgengruss, der mir werden kann.
652 3771 2247 3903 Ich umarme Dich von ganzem Herzen. Dein
2237 3848 2350 4027 A.
1770 3986 1945 4185 --
3395 108 3551 240 14
