3674 4682
2777 373 3168 525 14.3.29.
547 557 3326 738 von Regnier, gut geschrieben, aber uninteressant. Ich lese lieber den
525 723 3360 844 zweiten Band Voltaire fertig. Es ist 17 und ich schreibe noch bei Ta-
558 845 3389 993 geslicht. Ja, es wird wirklich wieder einmal Frühling, trotz der schmut-
546 955 1984 1101 zigen Schneehaufen vor meiner Türe.
1060 1121 3195 1265 Lebwohl, mein Kind, ich hoffe Gutes, Liebes und Erfreu¬
543 1245 2444 1375 liches von Dir zu hören. Ich umarme Dich innig.
1250 1367 1696 1519 Deine C.K.
3421 104 3573 253 202
