3787 4687
2813 159 3236 399 28. Berlin
2455 166 2709 362 13.10
736 368 3485 488 Mein Liebes, ich schreibe Dir gleich nach unserem Telefongespräch, um
724 486 3391 627 Dir zu sagen, wie sehr ich mich freu, dass die Wohnungsangelegenheit
735 628 3508 780 so günstig - und doch am Ende vorteilhaft geregelt ist, als Du es noch
718 757 3542 885 vor wenigen Wochen erwarten konntest. Selbst abgesehen von der in Hin-
2614 844 2825 932 même
715 915 3474 1034 sicht auf uns so angenehmen Lage, hättest Du wohl etwas Besseres fin-
708 1014 3479 1168 den können und ich gratuliere Dir und mir zudieser Lösung und umarme
727 1158 1173 1316 ich von He
1181 1267 3399 1406 also hab ich nachzutragen, dass ich gegen Mittag in den
717 1295 1142 1447 Von gestern
3270 1410 3448 1562 icht
719 1417 3179 1546 Univerzal picture war. Herr Kohner offenbar etwas unsicher ge¬
782 1521 3471 1663 die hiesige Censur hat auf seine Anfrage erklärt, dass sie Spiel im
751 1662 3468 1818 Morgengrauen unter jeder Bedingung verbieten werde. Nun (etwas spät)
705 1810 3592 1931 studirt Herr Biro meine Werke und Dienstag will man mir einen bestimm-
710 1936 3506 2063 ten Vorschlag machen. Am lebhaftesten denken sie jetzt angeblich an
717 2087 3370 2232 Casanovas Heimfahrt.-Am Montag Vormittag soll ich mir den letzten
759 2195 3494 2317 Film xxx von Kohner vorführen lassen (opportunistischer Weise kann
720 2320 3441 2457 ich nicht ablehnen) - Finanzielles wurde nach wie vor nicht berührt,
721 2499 3319 2589 kurz ich sehe der Sache ohne allzu starke Erwartungen entgegen.
712 2604 3417 2750 Heute Abend bin ich mit Hartung und Frau bei O. zusammen (nach dem
721 2735 3487 2867 Theater), Sonntag Mittag bei Dora; vorgestern war ich in der Oper bei
720 2837 3443 2990 Oedipus, dernier viel stärker wirkt als in Wien (Heini war ein vor-
723 2968 3347 3104 züglicher Sprecher) und "Geschichte vom Soldaten", gleichfalls
717 3094 3413 3255 von Strawinski (sehr merkwürdig). Ich war mit Viki, der Musik-
724 3240 3615 3381 kritiker beim Tempo ist. Hab ich Dir schon geschrieben, auss ich neulich
721 3368 3562 3538 bei Viki und Mimi, die sehr hübach dem Tiergarten gegenüber wohnen, zum
717 3499 3402 3636 Mittagessen war- Von Herrn Kohner hab ich noch zu bemerken, dass er
719 3668 3539 3796 Ende nächster Woche zu Jakob nach Altaussee fährt (auf seine Burg ge-
725 3784 3530 3911 laden). -Rudolf Lothar hat mich neulich in seinem amerikanischen Wagen
764 3880 1774 4058 aus dem Hotel abgeholt.-
726 4050 3442 4193 Betrieb und Treiben hier wächst ins gigantische, die meisten Theater
719 4182 3450 4331 gehen glänzend; nie, - das bezieht sich freilich nicht auf die Kunst,
3579 96 3706 254 159
