3787 4694
621 312 1265 478 Tgb. 23.5.1929.
664 529 3420 690 A. hinüber den Arnoldo erwarten. Und morgen die O.! Sie wird diesmal
616 654 3509 782 im Cottagesanatorium wohnen. Es war nirgends sonst ein Zimmer zu haben.
624 807 3257 944 Angeblich bleibt sie höchstens 5 Tage. Wärensie nur schon vorbei!
619 985 3335 1115 24.5. Vormittag Stadt. Nachmittag kam A. herüber, da ich auf seinen
632 1112 3348 1282 Wunsch verschiedene Radiotypen herbestellt hatte. Er will einen An-
630 1262 3440 1427 schluss in meiner Wohnung. Ich persönlich habe für Radio nichts übrig.
615 1378 3378 1484 Die O. glücklich eingetroffen. A. behauptet ganz harmlose Gespräche.
622 1502 3532 1600 Am Abend Egon und Emmi bei mir. Zum ersten Mal auf der Terrasse genacht-
619 1618 3184 1769 mault. Morgen beginnt meine Novelle in der Neuen Freien Presse.
624 1815 3319 1979 25.5. Vormittag Stadt und bei Hedwig im Bureau. Zu Tisch Hanry und
591 1957 3344 2084 Fredi, um 4 Tante Clara. Um 6 zur Eröffnung des Hagenbundes, wo Fredi
610 2104 3388 2233 8 Bilder ausgestellt hat. Ich hoffe, er wird diesmal eine gute Kritik
613 2215 2901 2334 haben. Viele Leute gesprochen und selbst gut ausgesehen.
615 2376 3526 2538 Sonntag, 26.5. Eben ½12 ist A. mit der O. im Auto vorbeigefahren. Arnoldo
617 2529 3330 2711 scheint neben dem Chauffeur gesessen zu sein. Ich konnte es in der
610 2686 3326 2837 Aufregung des Augenblicks nichtfeststellen. Trotzdem ich eigentlich
664 2814 3456 2965 die Veranlassung dieser Spazierfahrt war wurde mir momentan fast übel.
612 2943 3487 3063 Als A. mir gestern sagte, dass er bei gutem Wetter mit mir einen kleinen
2699 3035 2866 3117 paar
610 3062 3482 3224 Spaziergang machen will, meinte ich, er soll sich die Tage nicht mei-
601 3191 3393 3314 netwegen den Kopf zerbrechen und mit Arnoldo und O. spazieren fahren.
615 3342 3390 3460 Er antwortete: "Du hast vielleicht recht, daran hab ich noch gar nicht
612 3468 3397 3576 gedacht." Sie sieht übrigens mies und jüdisch aus trotz der schwarzen
594 3602 3355 3727 Kleidung, provinzlerisch und als er heute Früh um ½10 bei mir war, war
607 3726 3438 3848 er von stürmischer Zärtlichkeit und sagte, er möchte am liebsten schon
610 3847 3329 3987 im Juni eine Reise mit mir machen. Wieschwer und verworren ist das
637 3973 942 4104 alles.
599 4067 3398 4222 Am Abend A. eine halbe Stunde bei mir, weil "Freiwild" im Radio war.Er
604 4248 3458 4352 fand das Stück sehr schlecht und sagte, er schäme sich, dass es so viele
2480 4280 3653 4521 Menschen eben misanhören
3515 79 3659 287 242
