3823 4783
1972 429 3259 600 Berlin, Hotel Bristol, 20.7.1923.
690 670 3509 771 Mein Freund, wie ich Dir gestern telegraphierte, fahre ich nach Weimar,
665 778 2459 914 wo ich heute gegen Abend einzutreffen hoffe.
661 888 1185 1040 Wie das kam?
701 1062 3384 1177 Wir wollten eben das Hotel verlassen, um über München an den Boden¬
669 1155 3313 1324 see zu fahren, als Freunde von Harry auftauchten und er mich glatt
672 1254 3397 1458 im Stich liess, um mit ihnen nach Binz zu gehen, (Leute, mit denen ich
673 1453 3427 1571 nicht verkehre). Er frug natürlich, ob ich es ihm erlaube, aber konnte
665 1568 3344 1722 ich denn "Nein" sagen? Ein weiteres Zusammenreisen wäre auf ein
704 1661 3100 1833 Nein hin, bei dem Wesen dieses Buben ganzbundenkbar gewesen.
668 1834 3340 1970 Er nahm das Ja an, obwohl er genau sehen konnte, wie erreglich war.
713 1963 3392 2119 Wenn ich denke, dass ich diese ganze Reise doch nur seinetwegen an-
663 2090 3428 2216 getreten habe und wie gern ich noch in Wien geblieben wäre.-So ent-
673 2209 3416 2375 schloss ich mich rasch über Berlin nach Weimar zu gehen und dort bis
691 2364 3345 2471 26. zu bleiben und Deine Entschlüsse oder Wünsche zu erwarten. Ich
652 2482 3427 2604 wollte schon heute Früh nach Weimar weiterfahren, aber ich kam derart
661 2595 3454 2773 erschöpft gestern Nachmittag zu Direktor Feilchenfeld ins Bureau, dass
671 2749 3375 2876 ich dort zusammenklappte, das hei ist, ich hatte eine kleine Ohnmacht.
695 2883 3413 3013 Direktor Feilchenfeld war riesig gut zu mir, rief einen Arzt, man gab
669 3006 3383 3156 mir schwarzen Kaffee und rieb mich mit Kölnerwasser und als ich ein
665 3153 3362 3286 wenig erholt war, fuhr ich mit einer empfehlenden Karte von ihm ins
648 3262 3413 3431 Hotel Bristol, wo ich ein herrliches Zimmer bekam und sehr gut aufge-
649 3388 3467 3570 hoben bin. Ich lag schon um 9 Uhr im Bett und habe bis 5 Uhr geschla-
685 3512 3490 3686 fen. Um 2 Uhr will ich weiterreisen und hoffe mich in W. etwas zu er-
650 3650 3450 3748 holen. Du musst denken, ich bin eigentlich mit Samstag, seit meiner Ab-
655 3803 3427 3910 reise noch nicht zur Ruh gekommen, Aerger, Aufregung, Strapazen und die
637 3927 3535 4034 unleidlichen Zustände in Deutschland. Ein kleines Beispiel. Man bekommt
659 4056 3503 4163 nur 10.000 Mark, keine grösseren Noten in der Bank. Behebt man also ein
2928 4142 3080 4239 her
3076 4136 3157 4224 um
659 4159 3384 4309 paar Millionen, so schleppt man Berge von Papier mit sich xxx, die
