3771 4723
623 275 1442 465 Forts. vom 5.2.1931.
581 484 3357 628 Der Komponist Hiller war bei mir. Typus eines soignierten Gymnasial-
593 658 3313 794 professors, hat mir das Lied vorgespielt, aber ich habe keine Ahnung,
596 777 3345 935 ob es gut ist, da er sehr schlecht spielt. Angeblich Aufführung am 28.
585 917 3488 1029 mit Orchester und einer Sängerin Munk, dann Indrucklegung als Orchetter-
599 1035 3329 1179 stück und Beteiligung an den Tantièmen. Schlafmittel und zu
566 1173 839 1309 Bett.
634 1294 3321 1416 6.2.1931. Vormittag Friedhof bei argem Sonneefall, Sterbetag meiner
587 1455 3242 1582 Mutter gestern gewesen. Ich bin mit sehr trüben Gedanken an diesem
589 1538 1246 1697 Grab gestanden.
960 1651 1239 1741 Abends
583 1684 3375 1856 Eben 27 Uhr Anruf A.'s, der zurück ist. Ich gehe 8 Uhr hinüber. Mein
603 1839 3287 1964 guter Gott, lege mir die richtigen Worte indem Mund, denn so kann es
589 1938 1361 2082 nicht weitergehen.
586 2064 3392 2229 6.2.1931. Spät Abend. Iamer dasselbe. Er will absolut keine Trennung,
588 2204 3315 2348 niemand stehe ihn so nah, Ferry habe falsch verstand,er brauche nur
584 2346 3390 2472 ein bescheidenes Mass von Freiheit (als ob ich es ihm jemals streitig
587 2451 3429 2643 machte), seine Kälte nur Unzulänglichkeit, durch sein physisches Befin-
599 2611 3318 2737 den ausgelöst, keinerlei anderes Interesse vorhanden. Neue ich meinen
595 2723 3196 2868 Mantel und gehe zur Tür, schreit er wie wahnsinnig: "Bleib, bleib"
583 2864 3270 3002 Komm ich zurück, liegt er mit geschlossenen Augen da und ist stumm.
587 2997 3435 3152 7.2.1931. Infolge von Schlafmitteln fast den ganzen Tag geschlafen. Mit-
602 3105 3468 3245 tag Harry, der jetzt wieder einmal nach Argentinien auswandern will. Als
599 3263 2946 3398 er fortging war ich so müde, dass ich mich hinlegen musste.
584 3380 3426 3519 Heute Früh telefonisches Gespräch mit Graf Thun-Wohlgemut, weil es ges-
584 3507 3354 3648 tern hiess, dass sie krank ist und nicht im "Gang zum Weiher" spielen
589 3661 3424 3829 wird. Er sagte, sie spiele bestimmt und schien über meine Teilnahme sehr
599 3783 940 3909 erfreut.
598 3886 3436 4046 7.2.1931. Heute sind es 8 Jahre!! Im vorigen Jahr schickte er mir noch
584 4041 3372 4208 Blumen mit einer Karte: "Tausend Küsse Arthur". Heuer nichts, obwohl wir
644 4177 3360 4304 bei der gestrigen Auseinandersetzung davon sprachen, dass es 8 Jahre
3513 132 3678 307 150
