3686 4706
581 148 1509 314 An A.S. nach Adelboden.
2098 140 3316 345 Wien, 30.7.1926. 15 Uhr Früh.
586 458 3275 611 Liebster, guten Morgen ich kann nicht mehr schlafen, wohl weil g ich
585 620 3373 790 gestern schon um ½8 Uhr im Bett lag und mir um 10 die Augen zufielen.
579 732 3353 905 Mir war gestern recht eland und ich denke, ich werde heute den ganzen
578 870 3266 995 Tag liegen.-Uebrigens prasselt wieder der Regen gegen die Fenster.
942 992 3393 1154 Ich habe den "Laudin" zu Ende gelesen mit einem unangenehmen
584 1128 3358 1284 Nachgeschmack trotz aller Anerkennung. Keine Logik, keine Wahrheit. Die
580 1278 3377 1420 ria, aus der viel zu machen wäre, ist konstruiert und nicht empfunden.-
570 1390 3460 1547 Ich will mir jetzt Verschiedenes überCharlotte Corday als Sommerlektüre
570 1517 3422 1693 beschaffen - Vorarbeiten! Gestern noch Korrektur aus der "Else" heraus-
580 1673 3414 1817 geschrieben, die ich heute oder morgen der Frieda diktieren werde. Am 4.
569 1755 3458 1956 Kapitel nur wenige Zeilen weitergekommen, aber das Ganze gründlich über-
574 1885 847 2043 dacht.
908 1988 3462 2134 Wie lange Du schon fort bist. Es dünkt mich Ewigkeiten, dass ich
549 2076 3342 2304 Dich zuletzt gesprochen habe. Jetzt will ich versuchen noch ein wenig
558 2229 2562 2399 zu schlafen, aber ich fürchte, es wird nicht gehen.
2596 2305 3325 2464 3 Uhr Nachmittag.
912 2414 3462 2566 Ich bin wirklich im Bett geblieben - mir ist zu miserabel, auch
555 2579 3319 2740 versäumt man nichts. Wolkenbruchartige Regengüsse. Ich liege und denke
564 2695 3272 2891 und schreibe und träume und schlafe, nur fliegen und sterben tue ich
546 2814 3354 3010 nicht, weil ich kein Veroual getrunken habe, aber allein bin ich - sehr
563 2948 3368 3142 allein. Dein Bedürfnis an Alleinsein für meine Person dürfte schon be-
561 3085 3439 3233 friedigt sein und Du wirst begreifen, dass ich es mir nicht besonders zu
570 3213 3420 3356 wünschen brauche.Frieda hat heute keine Zeit für mich. Das 4.Kapitel geht
618 3311 3442 3517 angsam vorwärts und keinesfalls werde ich es vor meiner Abreise fertig
545 3447 3435 3639 bringen. Uebrigens werde ich ja erst Deiner Antwort entnehmen, was aus mir
534 3593 3413 3741 wird. Ich habe ein Chroniktagebuch begonnen und will es womöglich weiter
531 3697 3469 3896 führen bis an mein Lebensende, was viel und auch wenig sein kann. Ich habe
537 3869 3555 4029 mir das schon öfters vorgenommen und habe dann doch immer wieder aufgenözt-
573 3960 3504 4187 nicht aus Inkonsequenz, sondern aus gewissen Hennungen heraus. Ich schrei¬
521 4097 2021 4289 be lieber gar nicht als unaufrichtig.
3447 112 3602 250 312
