3787 4694
565 220 1219 409 Tgb. 12.5.1929.
550 444 3287 563 folgt nicht ganz seinem Willen. Ich begleite ihn nachhause, bin dann
575 536 3435 651 selbst ganz erschöpft psychisch und physisch. Liege bei meiner Heimkehr
575 662 3449 840 bis 36 am Divan. Am Abend wieder bei ihm. Auch Frieda mit ihrem Bruder.
614 825 3445 926 Stimmung sehr ungleich. Manchmal plötzliche Heiterkeit. So z.B. als ich
588 924 3321 1071 erzählte, dass mir einmal ein Schwimmmeister zu einem grossen Uelbild
597 1080 3327 1214 Akt gestanden hat und meine alte Mademoiselle als Garde dabei sass.
568 1226 3396 1384 13.5. Heute Vormittag in der Stadt beim Friseur und auf der Suche nach
567 1370 3478 1538 einem Geburtstagsgeschenk für A. Dann ganz kurz bei ihm. Bessere Verfas-
547 1516 3371 1627 zung. Machte mir Komplimente über mein Aussehen (unbegreiflich) und
564 1629 3035 1777 frug, ob man mich nicht in der Stadt viel angestarrt hat etc.
559 1770 3459 1940 Zu Tisch Carl und Magda. Cari brachte mir Maiglöckchen, er ist sehr lieb
570 1877 1394 2029 und sie sehr herzig.
554 2017 3439 2164 Am Abend Dr. Donathouand Gattin bei A. getroffen, dann allein hei ihm. Er
559 2166 1286 2315 sehr lieb zu mir.
565 2353 3504 2505 14.5. Dreinal im Tag beimihm. Stimmung schwankend, grössere Beweglichkeit.
558 2501 3415 2609 Gestern Abend zeitweise grosse Traurigkeit, heute besser. Nach Tisch im
572 2619 3469 2797 Garten bei ihm. Später Besuch Helene Schnitzler mit Schwiegertochter und
565 2740 3469 2909 Enkel, herziger, hellblonder Bub. A. spielte mit ihm, nahm ihn auf den Arm.
551 2875 3383 3041 Nichts von Ataxie oder Parese zu merken. Am Abend wieder bei ihm. Von
546 3003 2344 3133 der Reise oder O. wird kein Wort gesprochen.
544 3157 3342 3328 15.5. Sein Geburtstag. In der Früh telefonisch grosse Düsterkeit, sehr
556 3332 3477 3437 nervös. Bei späterem Anruf von seiner Seite sichtliche Entspannung. Ver-
549 3470 3409 3617 mute Gespräch mit Berlin. Ich weiss noch immer nicht, ob wir einen Aus-
552 3593 3470 3762 flug heute machen oder ob er Mittag bei mir ist. Ich habe mich für alle
547 3695 3458 3891 Fälle vorbereitet. Ich komme zu keinerlei Arbeit,zu keinem selbständigen
530 3855 1151 4000 Giedanken mehr.
540 4035 3372 4187 16.5. Der gestrige Tag gut verlaufen. In Mödling bei Hajek Mittagmahl,
1786 4142 2105 4241 Appetit
2503 4149 2885 4236 Heimfahrt
548 4177 3459 4354 ein wenig herumgegangen und mit August gegessen. Kannfahrt bei Regen, aber
542 4289 3395 4475 nicht ungemütlich. Abend wieder bei ihm. Berliner Gespräch, wie ich ver-
3543 77 3699 245 238
