3759 4670
187 134 418 294 1. 1.
2585 148 3032 343 9. 8. 19
1305 130 2157 331 Bord Pastein
1151 307 2075 550 Brief an Dn D.
683 521 3209 699 Lieber Herr Doktor,- Ich gestehe dass ich auf ihren Brief scho-
648 669 3401 843 sehr gewartet habe, obwol ich vorraussah, dass sie mir erst schrei-
692 823 3441 964 ben würden, wenn ihr Onkel abgereist ist und der Gesamt-Eindruck zu
682 939 3446 1113 Schildern. Sie irren aber sehr wenn sie glauben, dass mein Brief ei-
688 1102 3477 1242 gentlich an ihn gerichtet waren. Beim ersten habe ich nicht daran ge-
688 1208 3483 1353 dacht dass Sie ihn zeigen würden, beim zweiten habe ich das Gegenteil
698 1336 3472 1466 angenommen, ja ich wollte sogar eine diesbezügliche Bitte hinzufügen,
686 1481 3488 1603 fürchtete aber Sie damit zu verletzen. Ich mache Ihnen auch nicht den
691 1630 3409 1734 geringsten Vorwurf daraus, dass sie es getan haben, denn Sie haben
705 1737 3370 1870 es sicher für zweckmässig gehalten, und es in guter Absicht getan.
696 1885 3424 2027 Aber ich möchte nicht unsere Beziehung auf dem Wege des Mitleids
699 2018 3397 2134 wieder aufblühen sehen, nicht " weil ihm schwer uns Herz ist", und
696 2126 3456 2262 ihn der Gedanke quält " m (ch unglücklich zu sehen,- auf dieser Basis
694 2282 3538 2400 könnten weder er noch ich wieder froh und glücklich werden. Der einzi-
705 2413 3477 2525 ge Grund der uns wieder zusammenführen darf, müsste der sein; dass
713 2504 3435 2656 Er ohne mich unglücklich ist, dass er mich lieb hat, dass es mich
715 2682 3426 2779 braucht, und nicht unter dem Motto "Freundschaft Freiheit "dass er
704 2760 3556 2906 seit und einem halben Jahr mit besonderer Betonung über unsere Beziehe
707 2906 3315 3062 hung stellte, - sondern eine innige Freundschaft der Herzen und
708 3056 3486 3171 Freiheit in jenem Ausmaas über das eines dem andern mit grösster Auf-
700 3217 3523 3319 richtigkeit Rechenschaft ablegen kann ohne fürchten zu müssen den
715 3322 2229 3445 andern zu verletzen, oder zu kränken.
718 3419 3514 3566 Ich habe ihn niemals wie Sie schreiben " seiner Freizügigkeit beraubt
720 3561 3497 3734 oder berauben wollen wie es mir überhaupt nicht liegt etwas "rauben"
720 3708 1146 3847 zu wollen.
708 3813 3520 3970 Seit jeher kommt ein Frl Gab. Schl. zu ihm, ich habe sie nie gesehen
711 3963 3506 4096 nie zu sehen verlangt, nie ein Wort darüber verloren. So und so oft,
718 4095 3460 4248 kommen Frauen Journalistinnenn Amerikanerinnen, deren Namen ich mir
711 4234 3559 4353 nichteinmal merke. Heuer hat eine Amerikanerin 2 oder 3 mal allein bei
