3686 4658
2084 242 2783 429 Wien, 14.11.1930.
522 258 1175 418 An A.S., Berlin.
523 520 929 650 Liebster,
931 662 3303 793 erst heute Früh ist Dein Brief vom 12. gekommen und gestern
525 782 3218 897 Mittag die Karte, auf der Du allerdings nicht zu erkennen bist. Ich
1283 877 1498 958 Mann
535 914 3389 1061 vermute Dich in dem Paxt mit dem Bart, der bei der Musik lehnt. Die Da-
539 1075 3259 1184 men ringsum sehen recht mässig aus und sprechen nicht sehr für den
527 1182 3282 1298 Five o'clock-tea im Esplanade. Wann ist denn das aufgenommen worden?
935 1323 3222 1454 Ich bin heute zum ersten Mal wieder ausgegangen und auch
537 1464 3257 1590 jetzt ½5 von einem kleinen Spaziergang heimgekommen. Das Wetter ist
538 1570 3251 1705 heute so uungewöhnlich schön, Himmel und Luft so rein und friedlich,
530 1693 3307 1809 wie noch nie in diesem Herbst. Ich wünschte, wir hätten noch
570 1851 3325 1963 manchen so schönen Tag, wenn Du zurück bist. Ich bin lange im
573 1985 3368 2118 Hartäckerpark gestanden. Vormittag war ich wegen Kleid, Pelz etc. und
529 2102 3302 2226 habe allerhand Leichtsinniges getan. - Aber ich habe solche Lust mich
527 2241 1855 2381 zu verändern und zu verschönern.
925 2375 3283 2485 Jetzt bin ich einigermassen müde, denn ich war all die Tage
537 2465 3321 2588 doch recht elend und vielleicht ohne es zu berücksichtigen schon vor-
539 2596 745 2745 her.
931 2767 3212 2892 Ich habe trotzdem viel gearbeitet und der erste Teil der
525 2896 3370 3007 Novelle istfertig und ich hoffe stilistisch recht gelungen. Heute will
527 3023 3325 3125 ich am zweiten Teil weiterarbeiten, der wohl der schwierigere ist. Mit
523 3140 3297 3261 Direktor Preminger sprach ich telefonisch, er erklärte, er könne keine
533 3263 3335 3443 schriftlichen Referenzen geben, sie hätten bestimmte Formulare für An-
528 3404 3288 3544 nahme und Ablehnung, aber wenn ich das Stück an Horch oder an Harald
535 3535 3313 3672 schicken sollte und einen der beiden an ihn weisen wollte, so würde er
525 3679 3281 3796 ihnen dasselbe sagen, was er mir privat gesagt hat, nämlich, dass er das
539 3777 3323 3894 Stück ausgezeichnet findet. Wenn Du es nun für nützlich halten soll-
524 3940 3316 4095 test, könntest Du diese Stelle meines Briefes Horch oder Harald zeigen
528 4052 3373 4222 oder vorlesen, auch sagen, dass Preminger mir selbst den Rat gab es nach
514 4194 3252 4335 Berlin zu senden, da in der Josefstadt keine Besetzungsmöglichkeiten
3455 116 3610 247 115
