3686 4670
854 502 3430 675 Von Frau L. hatte mir A. schon vor Beginn unserer Beziehung er-
670 646 3347 788 zählt und mir Gesagt dass er in einer herzlichen harmlosen Freund-
688 763 3495 935 schaft zu ihr stehe, die von tratschsüchtigen Leuten, besonders wäh-
677 879 3417 1089 rend seiner Scheidungs- Geschichte mit der O. misdeutet worden sei.
667 1030 3356 1200 Sie hätten sich gegenseitig viel über ihre Ehen anvertraut Frau L.
662 1151 3433 1316 habe einen Freund es bestehe nicht die leiseste Bindung zwischen ih-
661 1275 3591 1453 nen und eigentlich sei ihn der Professor L. (ihr Mann ) der sympathisoe-
680 1415 3527 1612 re von Beiden. Ich legte daher seinen Besuchen dort gar keinen Werth
684 1546 3430 1727 bei. Aber später ärgerten mich die allzu häufigen Aufforderungen die
2002 1666 2224 1769 des L
684 1671 3480 1846 an A. ergingen, das Hineinspielen in das Sommerprogramm, die vielen
685 1869 3466 1973 Ausflüge zu denen er abgeholt wurde. Nochmehr vielleicht dass Frau L.
660 1929 3454 2104 wenn sie wirklich Freundschaft für A. empfand nicht den Wunsch hatte
694 2105 3223 2269 mich kennen zu lernen ja dass A. uns geradezu auseinander hielt.
687 2186 3364 2396 Schliesslich lernten wir uns dadurch kennen, dass das Ehepaar L.
689 2305 3374 2481 einmal zufällig hinter uns in der Oper sass. Ich kannte die Frau
693 2474 3493 2644 schon vom shen - unhünsch, puppenhaft sehr auf 0. stiliziert der sie
698 2594 3534 2746 offenbar ähneln wollte und auch so affektiert. Sie benahm sich an die-
705 2759 3097 2881 sem Abend necklace und ein wenig auf Weltschmerz posierend.
701 2859 3479 3014 Es kam öfter zu Controversen zwischen A. und mir und einmal sogar zu
679 2975 3565 3199 einem Conflict, als A. sie in Reichenau besuchte und gegen seine vor-
698 3130 3534 3315 nige Absicht über Nacht blieb, um sich am nächsten Tag an einem Ausflug
720 3277 3506 3408 auf die Rax zu beteiligen. Ich glaubte damals es sei ein Auto-unglück
716 3374 3451 3552 geschehen, da er mit dem Gatten am Abend hätte zurückkommen sollen,
704 3520 3421 3657 und regte mich sehr darüber auf. Schicksalhaft, dass Frau Wilma L.
695 3648 2988 3817 bei einer Autofahrt auf derselben Strecke den Tot fand-
3454 90 3569 264 24
