3771 4703
2342 238 3024 462 21.4.27. Bl.2.
530 481 3274 625 1/3, Begegnung mit Moll, der Franz Werfel, den wir nicht mehr sahen) auf
546 654 3322 768 die Bahn begleitet hatte. In der Gondel durch Traumkanäle zum Hotel.
540 722 3412 878 Nationalfeiertag; Venice endimanché. Die Zimmer wie schon gesagt von
556 917 3332 1032 mässiger Confortabilität, aber in gutem Stand. -Verspätetes Mittagessen
557 985 3307 1124 zu Dritt auf der Terrasse des Restaurants. Ausruhen; Spaziergang zu
539 1118 3447 1271 Dritt Markusplatz, Riva u. s. w. - Schon in der Dunkelheit mit A.C. in sei-
548 1286 3437 1465 nem Kommando, sein wohlgehaltenes Bureau; im Schreibtisch Lilis Briefei-
600 1429 3259 1540 und ein Stück, dass er vor 10 Jahren geschrieben, das er mir übergab
564 1513 3530 1678 (eine Art Arnoldoiade wie es scheint). -Abendessen im Hotel; über allerlei
555 1667 3368 1818 Nächst- und Näch stliegendes. -Er möchte Mitte Juni nach Wien reisen und
562 1798 3426 1943 schon verheiratet mit Lili nach Venedig zurückkehren, eventuell proviso-
561 1914 3432 2043 risch möbliert wohnen, da anderes vor Herbst kaum bezogen werden könnte.
555 2046 3412 2189 Wir verstanden uns wieder sehr gut. Später sassen wir wied er, wie nicht
560 2174 3454 2318 handers möglich auf dem Markusplatz; - vor 1/2 11 aber war ich mit Lili zu-
569 2297 3319 2442 haus und trotz der unvermeidlichen Kopfschmerzen schlief ich wie auf
556 2470 3464 2584 Reisen üblich meine 7 Stunden durch.-Heute Vormittag zuerst allein spa-
571 2569 3428 2741 zieren, dann zu Dritt herum, denn in einem sehr echten venzianischen Re-
559 2719 3349 2880 staurant „A.C.'s Stammbeiselino, gespeist "Giorgone“ - bei uns heisst
621 2836 3254 2943 sowas Pilsenetzer oder Silberner Brunnen,- aber nicht Zum Holbein
565 3000 3458 3106 oder Zum Waldmüller.- Dann in seine Kaserne, ehemaliges Jesuitenkloster,
559 3092 3393 3191 und sein Wohnzimmer besehen; - xxx eine geräumige, hübsch gehaltene
583 3226 3340 3373 ehemalige Mönchszelle; - die meisten stehen leer; - alles ist im Umbau
580 3354 3433 3497 begriffen. Das Bild seiner Schwester, die Grete Jacques zum Verwechseln
546 3510 3376 3635 ähnlich sieht; - die Ansichtskarte unseres Sternwartehauses, eines von
581 3637 3338 3751 ihm selbst in Knabenzeit gemaltes Aquarell -Landschaft mit
562 3744 3305 3876 dem Elternhaus nahe Florenz etc. Wir begleiteten ihn zubseinem Kom-
574 3894 3261 4027 mando, das am andern Ende der Stadt gegenüber dem Hotel Regina nahe
586 3981 3303 4149 von unserm Hotel liegt. - Und nun schreibe ich Dir in meinem Hotel-
619 4131 3475 4277 zimmer; auf der Terrasse gegenüber arbeitet der Steindrucker mit einem
570 4232 857 4331 XXXIXK
590 4303 3274 4429 Gehilfen und über den Holzzaun hängen unbegreifliche blaue Papier-
3572 108 3646 227 3
