3771 4618
458 198 902 382 Tgb. 27.5.
462 388 3548 588 die er mir sehr zur Lektüre empfahl und trank dabei eine Flasche St. Emillion
463 533 3502 692 allein aus. Der Abend war sehr schön warm, wir sassen im Garten bei Windlich-
467 704 3272 820 terbeleuchtung. Das Essen war sehr gut und es wurde 1/4 1. Die Clauser
479 801 3446 928 wollte durchaus ein Taxi zum Heimfahren nehmen, offenbar um von A. beglei-
480 947 3527 1104 tet zu werden. Aber Thuna nahmen sie in ihrem Auto mit, trotz ihres Sträubens.
480 1064 3501 1198 Ich ging bis vor die Gartentüre mit, da ich ihr Manöver bemerkte.A.blieb bei
468 1217 3512 1373 mir, sagte, mein Kleid sei so besonders schön (ein gelbes Petzerl, das ich seit
472 1340 3400 1489 Caux nicht getragen habe), der Abend mei sehr angenehm gewesen. Dann ging
468 1478 3327 1635 er. Heute rief ich Dr. D. an, aber er liess mir sagen, er habe keine Zeit.
461 1563 3239 1749 Komisch! Er weiss doch, was ich von ihm will, was für Sorgen ich habe.
458 1735 3533 1846 28.5.Gestern Abend Film "Dreigproschen-oper". Nachher trübseliges Abendossen
469 1849 3432 2024 bei Prochaska. Dann durch den Wurstelprater. A. sah/elend aus, ging müd und
479 1993 3319 2124 schleppend neben mir, so dass ich schliesslich freundlich zu ihm sagte:
473 2108 3552 2229 "Wenn du es nicht zu intim findest, häng dich doch in mich ein." Er antworte-
520 2204 875 2294 la Seine
475 2213 3507 2396 te und hing sich dann schwer in meinen Arm.-Ich kam wieder tottraurig nach-
475 2394 3477 2536 hause. Gehe jetzt zu Dr. D. Ich muss mit ihm sprechen, sehe aber dieser Un-
470 2502 2116 2672 terredung mit Angst und Grauen entgegen.
469 2650 3520 2777 29.5. Die Unterredung hat sehr bös geendet, d.h. sie musste im ungünstigsten
472 2775 3488 2908 Augenblick abgebrochen werden. Dr. D. sagte mir u.a., dass A. die Absicht ha-
465 2875 3389 3006 be mit mir für 14 Tage fortzugehen, länger würde er es nicht aushalten, er
481 3009 3597 3159 brauche Ruhe, Einnamkeit. Ich antwortete, dass ich für 14 limitierte Tage nicht
472 3176 3327 3322 fortgabe und schon gar nicht, wenn man sich so geäussert hat, weil einem
482 3277 3556 3440 solchen Zusammensein schon der Stempel aufgedrückt ist. Er hatte einen sehr
486 3380 3480 3573 schlechten Ton gegen mich, erklärte ich sei die grösste Egoistin, die ihm je
484 3571 3512 3682 vorgekommen ist. Ich denke nur an mich, ich solle darüber glücklich sein, dass
485 3685 3398 3793 der Mann einfach will, dass ich da, für ihn vorhanden bin. Ich antwortete
469 3824 3436 3994 ihm, mit welchem Recht man solche Forderungen an mich stellt, dass ich ein-
471 3937 3580 4098 fach mit freundlichem Gesicht alles ertragen, alles hinnehmen soll, eine Bezie
474 4085 3541 4224 hung habe nur Sinn, wenn man beglückt, wann man Freude auslöst. Aber um xxxxx
3511 112 3651 273 178
