3746 4638
2222 303 2922 443 28.7.1930. Bl.2.
644 522 3354 611 Zug hier gelesen und einige kluge Einfälle dazu gehabt; unter an-
654 622 3356 779 derm schlägt er vor, dass das 8. Bild (auch während der Première) in
650 739 3181 888 der Garderobe der Franzi spielt, was mir ziemlich einleuchtet.-
663 885 3342 1029 Der resp. ein Direktor des Guild-Theater in New York begegnete mir
652 1043 3306 1142 zufällig, stellte sich vor und besuchte mich in Gesellschaft einer
640 1152 3346 1260 amerikanischen Schauspielerin, die die Irene Herms spielen soll. Er
647 1264 3364 1411 war voll Enthusiasmus und lud mich zur Première (Einsamer Weg). Ich
671 1426 2490 1536 versprach mein Kommen für die 200. Aufführung.
689 1546 3472 1697 Ich finde St. Moritz Bad viel sympathischer als Dorf; eine wunderbare
694 1694 3467 1807 Weite der Landschaft, naher Wald, ebene Spaziergänge; - nur ein bischen
666 1805 1443 1940 zu viel Malojawind.
645 1900 3345 2091 Nun aber kommt die Sonne wirklich, ich weiss nicht für wie lang und
653 2036 1451 2193 ich will ins Freie.
639 2165 3388 2360 Dies ist, noch einmal, kein Brief - und ich spüre immer mehr, dass ich
653 2333 3486 2470 Überhaupt keinen schreiben kann; - reine Sachlichkeit ist nicht Absicht
650 2448 3437 2571 mein Kind und gewiss keine böse; und keine Verkrampftheit - und keinen
641 2601 3358 2713 Kühle.-Es wäre mir sehr wohltuend, wenn Du mir auch einen Brief über
637 2720 3409 2857 Deinen Alltag schriebst - wie Du Deine Zeit verbringet, wen Du siehst
644 2837 3441 2956 u.s.w.- Ich sage Dir für heute Lebewohl und bin mit allen innigen Ge-
612 2991 2959 3163 danken und den besten Gefühlen bei Dir. Auf Wiedersehen.
1261 3111 1488 3218 Dein
1558 3259 1643 3381 A.
