3690 4686
2716 376 3127 538 18.10.28.
494 570 3336 740 mit einem Gastspieb verbunden? - Ich hoffe, dass aus Deinen vielen Ver-
499 722 3253 852 handlungen doch etwas Positives herausschaut. Das Benehmen Max Rein-
487 873 3258 975 hardts ist mir mehr als schleierhaft, vielleicht ist er hier in Wien?
496 1003 1539 1149 Ich will mich erkundigen.
999 1111 3198 1253 Hast du an dem "Zug" Veränderungen vorgenommen? 3.und
484 1255 1046 1406 letztes Bild!
1023 1342 3275 1498 Ich möchte so gerne arbeiten, aber technisch derzeit un-
495 1516 3228 1619 möglich. An S.Fischer habe ich ein paar Zeilen geschrieben, d.h. ich
494 1630 3255 1760 habe den Brief telefonisch Frieda diktiert. Ich teilte ihm mit, dass
496 1767 3259 1912 mein neuer Roman über Aufforderung des Verlages an ihn abegangen ist
509 1912 3269 2027 etc. Gestern sprach ich auch Dr.Lohan vom Spiegel-Verlag, dem ich den
485 2050 3330 2163 "Aufstieg" zur Einsicht sende. Du siehst, ich bin nach Richtung bemüht,
474 2160 1450 2312 mein Leben einzurenken.
1022 2273 3273 2404 Ich hoffe doch sehr, dass Du Samstag hier bist, auch dann
513 2439 3301 2550 sind es 14 Tage gewesen und so sehr sie, mit Arbeit erfüllt, rasch ver-
508 2558 3293 2708 gingen, ist es mir doch, als hätte ich Dich ewig lang nicht gesehen und
505 2707 3156 2821 Du scheinst mir fern und entfremdet. Du weisst ja, dass Trennungen
488 2818 1931 2930 immer diese Wirkung auf mich haben.
1023 2927 3383 3060 Auf ein gutes Wiedersehen und eine schöne friedliche Zeit!
1020 3071 2509 3214 Ich umarme Dich. Komm gesund zurück!
1454 3209 1890 3333 Deine C.K.
3459 112 3587 232 165
