2793 3358
1581 332 2170 473 29. III. 1897.
930 664 1584 803 Lieber Arthur!
570 836 2387 1007 Denk Dir nur, wir haben gestern doch bis zum
307 994 2497 1116 Schluss drinbleiben können, worüber ich sehr froh war,
291 1139 2462 1251 denn es wäre doch unerhört gewesen wenn wir Dich ver¬
308 1257 854 1380 säumt hätten.
566 1357 2289 1495 Ich gratuliere Dir sehr zu dem grossen und
286 1526 2523 1643 herzlichen Beifall! Wir hatten nur leider so schlechte
280 1669 2495 1752 Plätze, dass uns manches von dem Vortrag entgangen ist
294 1792 2451 1922 und es wäre riesig lieb von Dir, wenn Du mir nun doch
311 1929 2491 2042 »Freiwild« leihen würdest, denn es interessiert mich
289 2026 1815 2189 ja jetzt doppelt es in Ruhe zu lesen.
859 2231 1774 2424 Viele herzliche Grüsse
1742 2289 1888 2416 von
1851 2380 2022 2490 Bob
