3686 4667
540 286 1359 458 An A S. nach Berlin.
2217 311 2911 462 Wien, 29.11.1927.
530 524 1064 639 Mein Liebes,
1021 669 3341 765 eigentlich habe ich noch gar keine Lust Dir zu schreiben,
534 780 3263 899 aber ich tue es doch, damit ich den Brief morgen Früh absenden kann.
540 902 3233 1034 Es erscheint mir ganz sonderbar, dass Du jetzt auf einmal in Berlin
530 1066 3343 1173 bist und irgendwie habe ich es noch nicht ganz zur Kenntnis genommen.
546 1194 3189 1320 Wenn ich auch ganz genau weiss, dass Du nicht hier bist, so ist mir
521 1313 3352 1450 der Gedanke, dass Du jetzt immer mit Menschen zusammen bist, die mir so
530 1436 3466 1559 ferne stehen, noch nicht ganz vertraut. Von hier ist nur wenig zu berich-
577 1574 3320 1681 ten, habe mich gestern sehr intensiv mit der "Corday" beschäftigt, um
530 1690 3226 1847 9 Uhr gebadet und dann noch im Bett xxx mit viel Vergnügen Frank
644 1828 3257 1987 Harris begonnen, viel dummes Zeug geträumt und etwas mürrisch er-
533 1942 3379 2093 wacht; einen Brief an meinen intelligenten Mieter geschrieben, der sich
521 2096 3406 2201 wieder einiges zuschulden kommen liess, dann um 12 zu Herys Direktor P.
527 2227 3227 2360 Leider dort vernommen, dass Herr äusserst untüchtig ist und man ihm
533 2361 3408 2512 bei allem Wohlwollen keine Aussichten machen kann. Direktor P. war res-
516 2503 3336 2627 pektvollster Liebenswürdigkeit, nur trug er mir im letzten Augenblick
503 2619 2616 2787 Grüsse an Dich auf, was ich etwas geschmacklos fand.
925 2747 3415 2912 Jetzt werde ich wieder ein paar Stunden arbeiten und um 8 Uhr
514 2877 3301 2995 erwarte ich Gisela B. zum Nachtmahl. Ueber dieses Zusammensein refe-
530 2981 1241 3122 riere ich später.
2436 3112 2948 3275 30. 10 Uhr.
948 3243 3319 3418 Der gestrige Abend war sehr nett. Gisela von 8-11 bei mir,
519 3405 3281 3509 erzählte mir unter dem Siegel der Verschwiegenheit, dass Felix S. bei
520 3521 3307 3652 seiner Thronbesteigung im Penklub ganz spontan mich als Mitglied vor-
560 3677 3315 3800 geschlagen habe und von den Géraldy-Gedichten sagte, sie seien sicher
510 3779 3302 3961 nicht als eine Uebersetzung, sondern als Dichtung zu werten, da ein ge-
507 3913 3352 4033 druckter Hand Grundbedingung bilde. Eine einzige Stimme habe Einspruch
517 4051 3239 4150 erhoben; man könne bei aller Anerkennung keine Ausnahme machen. Sie
508 4169 3292 4311 verriet mir nicht, wen die Stimme gehörte, aber es ist mir auch, wie Du
3499 105 3619 267 70
