3787 4803
551 282 1156 427 Tgb. 8.6.1929.
560 364 3404 543 da Frau T. mir telefonierte, er benehme sich elend gegen Mädi. Ich ver-
578 521 2186 707 mute Lola dahinter, früheres Verhältnis.)
571 682 3277 880 9.6. Fühle mich so wohl wie schon lange nicht, fast etwas übermütig.
578 806 3401 997 Als ob das Fieber alle bösen Bazillen mit fort genommen hätte. Sommer-
577 992 2645 1114 wetter. A. holt mich um 1/4 12 zum Spazierenfahren.
588 1150 3460 1316 11.6. Gestern und heute Abend Kino mit A., der sehr lieb ist. Unangenehme
576 1272 3419 1437 Debatten mit Harry. Jetzt, da es ernst werden soll, behauptet er, er habe
574 1440 1337 1608 Angst vor der Ehe.
594 1580 3391 1777 12.6. Harry ruft jede Stunde an - er weiss nicht was er tun soll. Ich
589 1767 3416 1912 sage ihm immer wieder, dass er bei einem solchen Mangel an Begeisterung
597 1873 3385 2049 es nicht tun darf. Er möchte, dass ich ihm zurede, damit er mir nachher
609 2000 3186 2196 Vorwürfe machen kann oder behaupten, er habe es mir zulieb getan.
600 2141 3326 2309 6. Harry teilt mir mit, er habe sich eben verlobt, um 17 kommensie zu
594 2298 811 2438 mir.
606 2448 3442 2628 13.6. Gestern Abend mit A. bei "Katharina Knie" mit Bassermann.B.herr-
590 2604 1680 2774 lich. War sehr erschüttert.
624 2702 3386 2870 Vorm. Besuch von Baron Melingo, habe ihn gebeten Harry vor schädlichen
648 2887 2130 3004 Einflüssen zu schützen und vor Lola.
619 3050 3463 3224 14.6. Gestern Abend Verlobungsessen in einem Separée des Hotel Krantz.
623 3193 3343 3341 Uebertrieben chick und elegant, Abendkleider und Smoking. Nach einer
599 3329 2132 3451 halben Stunde trug man mir das Du an.
617 3449 3466 3593 Heute Vorm. Stadt, Nachm. Alma Mahler. Anregend wie immer, aber mit Vor-
616 3575 3391 3717 sicht zu gebrauchen. Schimpferei über die O., wie gewöhnlich. Versteht
632 3719 3460 3854 nicht, dass ich A. nicht heirate. Ich sage ihr, daß mir der Gedanke un-
652 3799 3467 3976 erträglich wäre. Sie lässt durchblicken, dass Sie Wenzel heiraten möchte
623 3961 3222 4118 (sie sagt, nur wegen der 12jährigen Tochter, die sie im Haus hat).
630 4089 3384 4239 Am Abend imkino und bei der "Linde" genachtmahlt. A. sehr liebevoll.
3521 103 3694 266 245
