3677 4702
1503 285 1680 444 VII
2385 407 2994 576 Riva, 11.8.1925
596 418 1318 561 An A.S. Karersee.
578 595 1002 767 Liebster,
949 761 3113 883 eben erhalte ich Deinen Brief Nr. 4, den zweiten von der
570 902 3206 1010 will ihn sogleich express beantworten. Ich vergass auf meinen geste
590 1044 3314 1162 gen Brief die Nummer VI zu setzen, bitte,hole das der Ordnung wegen
623 1144 3186 1272 nach. Ich habe deswegen heute unruhig geschlafen oder auch, weil
570 1288 3364 1396 neben meinem Zimmer ein Badezimmer ist und die Leute um 1 Uhr Nachts
567 1414 3396 1574 noch und um ½7 Uhr Früh wieder haben. Dafür hat mir der Direktor xxx
640 1573 3189 1681 auch für dieses Zimmer nur 55 Lire gerechnet, ich bin sehr froh.
1144 1699 3290 1821 Jetzt aber will ich Deine Fragen nach meinem weiteren
590 1822 3381 1957 Programm beantworten. Aber Liebstes, das hängt doch von dem Deinen ab.
568 1944 3278 2071 Fährst Du in die Schweiz, so wäre es wohl am besten, wenn wir uns am
560 2047 3235 2191 16. in Bozen treifen, zusammen hinüberfahren und uns drüben für die
586 2213 3320 2311 Zeit, wo Du ganz allein sein willst, trennen. Gehst Du nach Cellerina
584 2334 3189 2505 könnte ich nach St. Moritz oder nach Pontresina wie damals - dann
575 2487 3403 2599 wenn Du genug allein warst, sind wir einige Zeit zusammen, wo Du willst
576 2626 3282 2726 und musst Du dann Lili holen oder treffen, so begleite ich Dich ein
583 2747 3391 2849 Stück und fahre dann vor Dir nach Wien zurück, wie im Vorjahr. Bleibst
572 2865 3201 2966 Du in Tirol, so würde ich nicht nach Bozen kommen, sondern Dich in
577 2988 3307 3127 Madonna oder Cortina erwarten oder an sonst einem Ort, den Du mir em-
589 3105 978 3254 pfiehlst.
1128 3228 3363 3357 An den Lido zu gehen halteich sinnlos für mich, denn Du
591 3404 3199 3519 wirst mich dort kaum holen kommen und schon gar nicht, wenn Deine
583 3509 3279 3629 Leute auch hin kommen. Ich müsste also in dieser Hitze hin und her
577 3646 3329 3767 reisen, um Dich zu treffen. Hier in Riva möchte ich nur bleiben, wenn
570 3769 3196 3906 Du spätestens am 20. her kommst. Länger halte ich es hier allein
583 3891 3342 4018 nicht aus. Das Bad ist unsympathisch, spazieren gehen kann man nicht,
575 4029 3320 4138 der einzige Weg nach Torbole ist recht staubig. Ausflüge kann ich
571 4148 3354 4290 allein nicht unternehmen. Riva ist für 2,3 Tage wunderschön, aber für
3436 74 3577 252 1818
