3742 4671
2703 313 3156 454 29.6.1924.
625 470 1946 632 plötzlich nicht gebracht werden.
595 533 3364 723 Es enerviert mich mehr als es mich verstimmt. Denn meine Tendenz un-
592 715 3174 860 gläubig und misstrauisch zu sein gewinnt dadurch wieder Nahrung.
590 806 3394 987 Ich habe gestern das 32. Gedicht vollendet - 11 Strophen. Ich schrieb
583 946 3422 1092 den ganzen Abend daran und glaube es ist eines von den guten geworden.
591 1095 3331 1229 Jetzt will ich ein paar Tage ausspannen und dann kommt das Stück an
568 1243 1045 1408 die Reihe.
631 1386 3392 1540 Ich fahre heute auf den Friedhof, da der Geburstag meines Vaters ist.
1678 1466 1764 1535 sans
592 1509 3367 1637 Am Nachmittag bin ich mit Etz Erlangen und Lotte Menasse beisammen,
593 1622 3309 1794 ohne besondere Freudigkeit, wie Du Dir denken kannst. Das Wetter ist
575 1791 3284 1904 schwül und unsicher. Hoffentlich ist es dort schön. Warst Du schon
591 1921 2389 2024 in unserem Wald oben? Ich denke oft dorthin.
608 2038 3211 2167 Entschuldige den Bleistift, aber ich bin heut bisl nervös und da
596 2167 1522 2308 gehts mit Tinte nicht.
1200 2296 2086 2425 Einen warmen Kuss von
2037 2412 2727 2553 Clara Katharina.
3504 102 3609 294 64
