3690 4671
2242 296 2896 439 Wien, 26.4.1928.
514 274 1301 439 An A.S.Mittelmeer.
562 455 969 615 Liebster.
942 619 3354 729 gesarn kam Dein lieber ausführlicher Bericht aus Athen. Ich
540 751 3325 884 begreife nicht, dass Du nurmeine Ansichtskarten bekamst und nicht mei-
546 871 3389 1019 nen eingeschriebenen Brief. In Constantinopel müssen Dich zwei Briefe
538 998 3406 1116 und eine Karte erwartet haben. Nach Ragusa schrieb ich auch einen Brief
521 1172 3353 1294 mit dem eingelegten Feuilleton von Raoul A., Über das hier überall Er-
529 1289 3264 1396 staunen und Unwille herrscht. Auch die Hofrätin Z., mit der ich eben
541 1416 3201 1541 sprach, und die noch nicht gesund ist, war empört. Noch dazu ist der
576 1503 3293 1658 Roman noch gar nicht erschienen und ich verstehe nicht die Eile die
546 1647 3453 1787 er hatte darüber zu schreiben. Er soll gestern nach Paris gefahren sein.
914 1795 3333 1925 Hier sind so schreckliche Erdbebenbgerüchte in der Zeitung,
531 1900 3399 2041 dass ich gestern die Cosulich-Linie anrief, die mir nach telegraphisch er
525 2047 3296 2191 Erkundigung mitteilte, dass Euer Schiff programmgemäss Constantinöepl
541 2169 3453 2333 verlassen hat. Mimi und Viki sitzen fest in Athen und können nicht fort.
554 2325 3260 2414 Heute bin ich zum Tee bei Königswarter, am Abend zum ersten Mal bei
529 2427 3332 2554 Breisach. Diese Zeilen treffen Dich wohl in Triest und am Tag nachher
518 2586 3304 2718 bist Du ja voraussichtlich hier. Ich hoffe und wünsche, dass Du sehr
509 2698 3291 2855 erholt und von Deiner Reise durchaus befriedigt heimkehrst. Ich muss
523 2852 3294 2961 mich jetzt rasch umkleiden, da Gisela Berger mich holt. Sie ist über
519 2960 2532 3082 R.A. auch empört. Für mich ist der Mann erledigt.
1125 3083 2085 3252 Innig umarmt Dich Deine
2040 3210 2243 3360 C.K.
3466 96 3597 220 116
