3743 4610
2027 251 2990 416 Wien, (nach Heringsdorf)
2103 378 2543 503 18.7.1923.
544 446 3390 618 Liebste Clara Katharina, der Kartenbrief aus dem Coupé, sowie die Karte
579 601 3377 757 aus Berlin habe ich erhalten - danke schön. Den heissen Sonn-
578 748 3427 881 tag habe ich bis abends daheim ruhend und arbeitend verbracht, gemacht-
587 899 3187 1005 mahlt in grösserer Gesellschaft (Heer-Hofmann, Menczels u.A.) bei
580 998 3263 1147 Kratzer. Montag diktiert, gearbeitet - Abend nach dem Nachtmahl bei
581 1136 3466 1299 Schmutzers. Am Nachmittag eine längere Besprechung wegen des Medardus -
570 1280 3423 1425 Films, der mir Samstag vorgeführt wurde. Wünsche auch einige Neuaufnah-
586 1400 3351 1546 men, da manche ganz verhaut. Die Affichen habe ich fast ohne Ausnahme
580 1530 3422 1690 ändern müssen, sie waren weder deutsch noch irgendwie verständlich, ins-
610 1661 3304 1797 besondere Napoleon äusserte Unmöglichkeiten - wie sich der kleine
573 1797 3245 1960 Moritz - und dazu einer aus Budapest die Weltgeschichte vorstellt!
585 1928 3398 2061 Gestern Vormittag eine längere Konferenz mit dem Verleger Weinberger: -
564 2064 3333 2227 ich erfahre neulich aus der Zeitung, dass der Casanova in Amerika be-
615 2194 3450 2349 reits gedreht wird - und will, wenn's irgend geht, diesen neuen Millio-
535 2295 3455 2478 nendiebstahl an mir zu hintertreiben versuchen. Heute arbeite ich schon
553 2440 3322 2597 seit Früh Morgens.- xxxkxx xxx Die Ruhe im Hause (auch Wuki
569 2573 3370 2735 ist fort) empfinde ich ganz wohltätig. Du und die Hofrätin - Ihr habt
568 2702 3416 2866 hoffentlich nicht gar zu übel über mich geredet? Ich küsse Deine hoch-
553 2847 3362 3010 mütigen, aber keineswegs mörderischen Finger. Alles Herzliche und Gute.
1823 2975 2040 3105 Dein
2074 3080 2196 3243 A.
