3690 4694
2920 313 3277 481 27.8.28
576 393 3212 600 Morgen werde ich mich entscheiden, ob ich Mittwoch oder Donnerstag
711 597 3279 739 h Wien fahre. Morgen höre ich wohl auch, wann Du dort eintriffst.
636 701 3342 895 Mein Expressbrief dürfte heute Früh bei Dir sein und wenn Du gleich
1143 892 3112 1010 Herrn vor dem Dienstag gewesen werden möchten Mittag.
1031 994 3264 1140 Heute war ein sehr sehr heisser Tag. Vormittag bin ich
590 1099 3373 1274 mit Emmy die Johannespromende gegangen, wo Du und ich im Mai vor einem
839 1240 1561 1409 von den 13.000 men wanderten.
1025 1345 3285 1531 Wir sprachen ü viel über das Durchhaltenkön-
557 1389 629 1629 n.
613 1532 3246 1658 en- und Müssen im Leben etc. Sie erzählte manches von sich und wie
560 1662 3350 1815 schwer sie sich zu dieser inneren "Freiheit", wie sie es nennt, durch-
593 1781 3242 1910 gerungen hat. Diese Freiheit ist aber nichts als eine grenzenlose
546 1897 1036 2045 Einsamkeit.
1060 2021 3353 2168 Du kannst Dir denken, dass ich nicht gerade fröhlich nach
520 2162 3362 2306 Hause kam. Und auch jetzt - es ist ganz still, ganz still um mich her.
553 2305 3145 2465 Vor meinem offenen Fenster rauschen die Tannen, es ist sommerlich
595 2421 1930 2567 warm und ich bin allein - allein.
1016 2566 2505 2729 Gute Nacht, mein Kind, ich küsse Dich.
1126 2667 1580 2858 Deine C.K.
