<?xml version="1.0" encoding="UTF-8" standalone="yes"?>
<PcGts xmlns="http://schema.primaresearch.org/PAGE/gts/pagecontent/2013-07-15" xmlns:xsi="http://www.w3.org/2001/XMLSchema-instance" xsi:schemaLocation="http://schema.primaresearch.org/PAGE/gts/pagecontent/2013-07-15 http://schema.primaresearch.org/PAGE/gts/pagecontent/2013-07-15/pagecontent.xsd">
    <Metadata>
        <Creator>prov=READ-COOP:name=TrHtr:version=0.0.6:model_id=44522:date=25_11_2022_11:54</Creator>
        <Created>2022-11-17T16:36:58.713+01:00</Created>
        <LastChange>2022-11-25T11:54:42.214Z</LastChange>
        <TranskribusMetadata docId="1233893" pageId="50264996" pageNr="967" tsid="105033076" status="IN_PROGRESS" userId="40391" imgUrl="https://files.transkribus.eu/Get?id=TJXSLRRJDRTLWCTDODAGLMQR&amp;fileType=view" xmlUrl="https://files.transkribus.eu/Get?id=MTVIUISZEYPGZEYXQKNKRNQL" imageId="41051404"/>
    </Metadata>
    <Page imageFilename="HIN-155550_0967.tif" imageWidth="3811" imageHeight="4501">
        <ReadingOrder>
            <OrderedGroup id="ro_1669749965306" caption="Regions reading order">
                <RegionRefIndexed index="0" regionRef="r1"/>
            </OrderedGroup>
        </ReadingOrder>
        <TextRegion id="r1" custom="readingOrder {index:0;}">
            <Coords points="647,285 647,2202 3450,2202 3450,285"/>
            <TextLine id="r1l1" custom="readingOrder {index:0;}">
                <Coords points="1830,372 1851,372 1868,358 1879,368 1889,365 1907,372 1910,368 1938,372 1938,259 1917,259 1893,277 1868,273 1858,280 1847,270 1830,270"/>
                <Baseline points="1848,351 1884,354 1920,351"/>
                <TextEquiv>
                    <Unicode>-6</Unicode>
                </TextEquiv>
            </TextLine>
            <TextLine id="line_1668781251938_704" custom="readingOrder {index:1;}">
                <Coords points="705,645 3151,683 3341,668 3342,580 2911,506 1964,559 1482,435 1043,554 707,442"/>
                <Baseline points="723,603 803,605 1062,614 1143,615 1223,617 1304,617 1384,618 1465,618 1545,620 1626,620 1706,620 1786,620 1867,620 1947,621 2028,621 2108,621 2189,623 2269,624 2350,626 2430,627 2511,629 2679,629 2711,629 2743,630 2775,630 2808,630 2840,632 2872,632 2904,632 2937,632 2969,632 3001,632 3033,632 3066,632 3098,632 3130,632 3162,632 3195,632 3227,632 3259,632 3291,632 3324,632"/>
                <TextEquiv>
                    <Unicode>Aus einer Liebesbeziehung kann nur dann ein Freundschaftsverhältni-</Unicode>
                </TextEquiv>
            </TextLine>
            <TextLine id="line_1668781261527_710" custom="readingOrder {index:2;}">
                <Coords points="693,765 3128,817 3384,795 3386,665 694,656"/>
                <Baseline points="711,725 736,731 761,735 786,739 811,741 836,741 861,741 886,741 911,741 936,741 961,741 986,741 1011,742 1036,744 1061,747 1247,744 1358,746 1470,747 1581,749 1693,750 1804,752 1916,753 2027,755 2139,756 2250,758 2362,759 2473,759 2585,761 2696,762 2808,762 2919,764 3031,764 3142,765 3254,765 3366,767"/>
                <TextEquiv>
                    <Unicode>werden, wenn die Liebe schon lange tot und begraben ist. Aber verläu¬</Unicode>
                </TextEquiv>
            </TextLine>
            <TextLine id="r1l7" custom="readingOrder {index:3;}">
                <Coords points="656,873 1104,952 3137,936 3348,914 3349,840 657,789"/>
                <Baseline points="675,866 807,869 940,870 1073,873 1205,874 1338,876 1471,878 1603,879 1736,881 1869,882 2002,884 2134,885 2267,887 2400,888 2532,889 2665,891 2798,891 2930,893 3063,894 3196,896 3329,897"/>
                <TextEquiv>
                    <Unicode>lich ist diese Freundschaft erst dann, wenn die Beteiligten für die</Unicode>
                </TextEquiv>
            </TextLine>
            <TextLine id="line_1668781266832_715" custom="readingOrder {index:4;}">
                <Coords points="630,1017 3468,1095 3470,951 631,940"/>
                <Baseline points="647,998 672,1000 697,1001 722,1002 747,1002 772,1001 798,999 1340,1005 1445,1007 1551,1007 1656,1007 1762,1008 1867,1010 1973,1011 2078,1013 2184,1014 2289,1016 2395,1017 2500,1019 2606,1020 2711,1022 2817,1023 2922,1025 3028,1025 3133,1026 3239,1026 3344,1028 3450,1028"/>
                <TextEquiv>
                    <Unicode>Liebe auch in ihrer abgeklärtesten Form einen andern Partner gefunden</Unicode>
                </TextEquiv>
            </TextLine>
            <TextLine id="r1l10" custom="readingOrder {index:5;}">
                <Coords points="631,1178 1073,1124 2716,1203 2717,1119 2417,1034 1908,1098 1611,1028 1516,1083 1026,1025 888,1097 633,1038"/>
                <Baseline points="651,1127 753,1128 855,1130 958,1131 1060,1133 1163,1134 1265,1136 1368,1136 1470,1137 1573,1139 1675,1140 1777,1141 1880,1142 1982,1143 2085,1145 2187,1145 2290,1146 2392,1148 2495,1149 2597,1151 2700,1152"/>
                <TextEquiv>
                    <Unicode>haben, oder - für sie nicht mehr in Betracht kommen.</Unicode>
                </TextEquiv>
            </TextLine>
            <TextLine id="r1l11" custom="readingOrder {index:6;}">
                <Coords points="693,1464 3265,1536 3197,1377 694,1366"/>
                <Baseline points="711,1451 837,1452 964,1454 1091,1457 1218,1458 1345,1460 1472,1461 1599,1463 1726,1464 1853,1467 1980,1469 2106,1470 2233,1472 2360,1473 2487,1475 2614,1476 2741,1478 2868,1479 2995,1481 3122,1482 3249,1482"/>
                <TextEquiv>
                    <Unicode>Freundschaft kann manchmal den Keim einer grossen Liebe in sich</Unicode>
                </TextEquiv>
            </TextLine>
            <TextLine id="r1l12" custom="readingOrder {index:7;}">
                <Coords points="674,1642 2585,1605 2977,1680 3371,1572 676,1512"/>
                <Baseline points="693,1583 826,1584 959,1585 1092,1587 1225,1589 1358,1590 1491,1592 1624,1593 1757,1595 1890,1598 2023,1599 2156,1601 2289,1602 2422,1604 2555,1605 2688,1607 2821,1608 2954,1610 3087,1611 3220,1612 3354,1613"/>
                <TextEquiv>
                    <Unicode>tragen und sich vielleicht in Liebe wandeln. Sie kann aber niemals</Unicode>
                </TextEquiv>
            </TextLine>
            <TextLine id="r1l13" custom="readingOrder {index:8;}">
                <Coords points="641,1740 3286,1794 3288,1640 642,1635"/>
                <Baseline points="660,1710 790,1713 921,1715 1051,1718 1182,1719 1312,1721 1443,1724 1573,1725 1704,1727 1834,1728 1965,1730 2095,1731 2226,1733 2356,1734 2487,1736 2617,1737 2748,1739 2878,1740 3009,1742 3139,1743 3270,1745"/>
                <TextEquiv>
                    <Unicode>ihr Ausklang oder ihr Ende sein. Aus meiner Knospe kann eine Blume</Unicode>
                </TextEquiv>
            </TextLine>
            <TextLine id="r1l14" custom="readingOrder {index:9;}">
                <Coords points="644,1894 3108,1952 3396,1892 3398,1777 646,1754"/>
                <Baseline points="662,1841 797,1842 933,1845 1069,1847 1205,1850 1341,1851 1476,1853 1612,1856 1748,1857 1884,1859 2020,1860 2155,1863 2291,1865 2427,1866 2563,1868 2699,1869 2834,1871 2970,1872 3106,1874 3242,1875 3378,1877"/>
                <TextEquiv>
                    <Unicode>werden, stirbt diese Blume ab, so wird nur ein Häufchen welker Blätter</Unicode>
                </TextEquiv>
            </TextLine>
            <TextLine id="r1l15" custom="readingOrder {index:10;}">
                <Coords points="677,2007 940,1986 1118,2031 1333,1981 2036,2040 2039,1886 1912,1923 1807,1883 1744,1931 1105,1940 830,1869 678,1906"/>
                <Baseline points="695,1971 761,1973 827,1974 893,1976 960,1977 1026,1977 1092,1979 1159,1980 1225,1980 1291,1982 1358,1983 1424,1983 1490,1985 1556,1985 1623,1986 1689,1986 1755,1988 1822,1988 1888,1989 1954,1989 2021,1991"/>
                <TextEquiv>
                    <Unicode>daraus, das nach Verwesung riecht.</Unicode>
                </TextEquiv>
            </TextLine>
            <TextLine id="r1l16" custom="readingOrder {index:11;}">
                <Coords points="1710,2167 1801,2194 1874,2196 1899,2179 2018,2199 2057,2186 2102,2211 2104,2127 2030,2136 1985,2114 1967,2124 1943,2099 1912,2109 1874,2083 1817,2114 1711,2125"/>
                <Baseline points="1727,2160 1752,2162 1778,2163 1804,2165 1829,2165 1855,2167 1881,2168 1907,2169 1932,2169 1958,2169 1984,2169 2009,2169 2035,2169 2061,2169 2087,2169"/>
                <TextEquiv>
                    <Unicode>- - - - —</Unicode>
                </TextEquiv>
            </TextLine>
            <TextEquiv>
                <Unicode>










</Unicode>
            </TextEquiv>
        </TextRegion>
    </Page>
</PcGts>
