3787 4698
2198 247 3016 428 24.4.1926 Bl. 3
788 443 1828 598 Amsterdam bekommen oder
2071 439 3318 612 mit der Keoward Line (englisch)
792 592 3407 760 nach Madeira und von Madeira aus mit dem norddeutschen Lloyd nach
782 723 1343 858 Brunnen fahren.
784 850 3397 994 Deinen lieben guten Brief hab ich hier vorgefunden und danke Dir
797 1007 3369 1112 tausendmal.Die Ausschiffungsprozeduren waren etwas langwierig -
791 1122 3473 1253 erst um 3 Uahr Nachm. gelangten wir in unser Hotel, das ersten Ran-
792 1263 3431 1360 ges, aber ungemüthlich ist. Die Stadt wundersam und fremdartig, wir
795 1374 3340 1498 bummelten herum, morgen wollen wir einen Ausflug nach Uintre (?)
774 1491 1114 1627 machen.
1980 1640 3427 1798 Sonntag, 25.4.1926,Lissabon,Morgen.
785 1789 3410 1909 Das Wetter trüb, kühl. So komisch es klingt: das woran wir während
785 1909 3413 2023 dieser Südlandreise bisher am meisten "gelitten" - war die "Kälte"!
770 2040 3363 2208 Der schönste Tag auf dem Schiff der 23. war zugleich der, an
783 2148 2153 2302 dem man auf Deck am meisten frot.
790 2301 3429 2447 Unter der nachgesandten Correspondenz ein Brief Martons zu erwäh¬
778 2461 3474 2586 nen - dass die amerikanischen Filmleute die Grosse Szene als unge-
778 2558 3354 2691 eignet nicht nehmen, - wodurch mein Vertrag aufgelöst. - Ebenso hat
782 2712 3348 2825 sich Glück nicht mehr gemeldet. Das sind etliche Striche durch
764 2792 1452 2946 meine Rechnung.-
764 2951 3314 3111 Nun Liebste will ich Dir Adieu sagen und (insoweit der Sonntag
773 3091 2926 3229 es nicht verbietet) den Brief rekommandiert aufgeben.
1206 3206 2033 3348 Sei zärtlich umarmt.
2023 3339 2262 3513 Dein
2315 3494 2382 3578 A.
