3815 4787
1826 274 2868 438 Wien,Sonntag 1.Juli 1923.
715 473 1210 647 Mein Freund,
1183 554 3349 737 Ich habe noch kein Lebenszeichen von Dir, und ich habe
670 744 3306 883 das Gefühl, dass Du sehr sehr fern bist. - Ich werde auch kaum mehr
679 864 3404 1014 schreiben, denn bei dem Umweg über die Sternwartestrasse würden Dich
671 1024 3488 1171 meine Zeilen doch nicht mehr erreichen. Du hättest express oder tele-
684 1148 2158 1263 graphisch Nachrichten senden müssen.
677 1256 3452 1397 Ich habe viel zu tun, damit sich nicht alles in der letzten Woche zu-
651 1378 3475 1552 sammendrängt. Besorgungen, Abschiedsbesuche, Passvisum etc. Gestern war
677 1515 3512 1667 ich leider nicht im Wintermärchen, da Carly, der den Auftrag hatte, keine
697 1643 3264 1819 Karten bekam. Wir wollen heute zum "König von Paris" mit Korff.
661 1782 3506 1931 Dienstag bin ich mit Sektiosnchef Byk in Mödling. Ich fahre um all hi-
674 1951 3537 2084 naus und bin vor 8 Uhr wieder zuhause. Donnerstag bist Du wohl zurück!!
702 2058 3399 2225 Hoffentlich bringt die morgige Frühpost einen Bericht von Dir oder
680 2174 1790 2306 wenigstens ein paar Zeilen.
664 2322 3424 2446 Ich fahre am 14.fort und weiss noch immer nicht genau wohin. Es wird
665 2465 1573 2584 wohl Heringsdorf sein.
656 2570 3345 2724 Glückliche Heimkehr und auf Wiedersehen! Ich weiss nicht, wohin ich
650 2733 3329 2867 meine Grüsse senden soll oder richtigen meine Gedanken - denn ich
693 2831 2672 3007 weiss nicht wo Du bist. Jedenfalls sehr weit - -
1516 2984 1793 3084 Deine
1804 3101 1952 3230 K.
1622 3226 1908 3350 ------
3523 119 3605 294 1
