3823 4783
2376 358 2809 573 (20.7.23).
639 490 1633 686 einen schrecklich enervi
657 676 3480 818 Direktor F. riet mir dringend nach Oesterreich zurückzufahren, da ein
648 788 3356 956 Herumreisen für eine Dame allein ganz unmöglich ist, wie die Ver-
651 926 3011 1053 hältnisse jetzt liegen. Es kommt nun Folgendes in Betracht:
647 1056 3455 1177 Ich könnte nach Bade-Baden gehen, wenn ich Sanatorium Dr.Heinzheimer, wo
648 1176 3490 1310 ich gut aufgehoben wäre, Platz finde und die Preise erschwinglich sind.
651 1302 3373 1456 Ich schrieb gestern für alle Fälle dahin. Ich könnte Dich dann dort
645 1452 3411 1590 oder in der Nähe treffen und Zeitweise mit Dir zusammen, zeitweise in
727 1567 3482 1704 erreichbarer Nähe sein. Oder: Ich fahre am 27. oder 28. nach Wien und
650 1706 3445 1881 gehe auf den Cohenzl und wir verprechen dann mündlich alles Weitere,
651 1847 3500 2023 eventuell einen Aufenhalt in der Schweiz. Sollte Dir die Dobenzl-Idee
646 1956 3397 2139 gefallen, dann müsstest Du so lieb sein und mir dort ein gutes Zimmer
636 2090 3326 2246 sichern. Sei nicht böse, wenn ich Dich damit bemühe, aber von meinen
631 2235 3520 2399 Leuten ist niemand in Wien, meine Wohnung geschlossen und für Dich ist
642 2373 3452 2525 es ein Spaziergang. Wenn Du ein Zimmer für mich bestellst, dann bitte
633 2501 3569 2666 telegraphiere es mir, ansonsten erwarte ich Deinen Brief - Deine Wünsche
628 2617 3346 2800 Keinesfalls bleibe ich, wenn nicht in abschbarer Zeit ein zeitweises
628 2762 3391 2925 Zusammensein mit Dir möglich allein im Ausland. Da ja aber Deine und
669 2904 3409 3049 meine Wünsche sich in dieser Richtung treffen dürften, so sehe
630 3006 2704 3133 ich Deiner Antwort mit einiger Zuversicht entgegen.
619 3157 3432 3312 Denk Dir ich habe von Dir und Carly noch keine Zeile bekommen und das
628 3248 3293 3393 verstärkt mein Verlassensein-Gefühl. Nur ein paar Bankbriefe kamen
667 3390 3334 3535 am 5.Tag an. Ich habe dem Portier in Häringsdorf einen sehr warmen
2731 3501 3253 3580 na en gesandte
656 3543 3394 3692 "Händedruck" gegeben und so hoffe ich Montag vielleicht Nachricht zu
604 3657 939 3790 haben.
652 3793 3335 3961 Der Brief ist grauenhaft geschrieben, aber ich fühle mich doch noch
611 3912 3525 4088 nicht ganz wohl, habe immer Herzklopfen und meine Hand zittert ein wenig.
621 4057 3411 4191 Ich hoffe, Du verstehst meine Verfassung - Traurigkeit über den dummen
598 4186 3190 4351 Buben, den ich doch so gern hab, Müdigkeit, Nervosität und - warum
3598 130 3671 319 29
