3742 4667
2257 268 3111 485 8.9.1925. Bl.2
556 500 3326 674 diesen Brief abschliessen und dann weiterarbeiten. Vormittag war ich
531 689 3433 819 auf der Latemarwiese.- Ein weitgedehntes vielfach gewelltes Platoau mit
516 814 3264 934 wundervollem Rundblick. Dort lag ich eine Weile und sandte Dir sehr
723 914 1746 1021 aber nicht sentimentalen
555 937 3200 1124 innig einen Gruss über die Berge an den Gardasee. Auf den Rückweg
552 1069 3372 1227 aber - es klingt wie eine Anekdote, - erhebt sich eine ebenso rundliche
538 1220 3244 1332 wie ältliche Dame, die unter einem Baum geruht hatte (und mir schon
530 1352 3404 1493 auf dem Hinweg verdächtig gewesen war), kugelt sich mir entgegen, stellt
545 1444 3315 1611 sich mir aus Frau Coblenz aus Köln vor und lädt mich ein in Köhn für
601 1571 3198 1718 eine Freimaurerloge Bene Brieß (auch in Wien hat diese übrigens
560 1724 3326 1854 sehr wohltätige Filiale) eine Vorlebung zu halten - auf der Latemar-
549 1831 3383 2009 wiese! - Und neulich auf der Ostertaghütte - dankte mir eine Dame für
552 1986 3290 2141 ein Autogramm, das ich ihr vor Jahren auf die Bitte meiner Schwester
550 2134 1233 2264 gegeben hatte. -
554 2246 3327 2392 Die Wahrscheinlichkeit dass ich mit Heini Sonntag nach Bozen, und von
540 2412 3288 2512 dort weiter in die Schweiz fahre, bleibt bestehen. Und hast Du schon
547 2487 2607 2680 weiter etwas für die Zeit nach dem 15. bestimmt? -
549 2619 3240 2751 Ich küsse Dich tausendmal und bin in zärtlichstem Gedenken Dein A.
1621 2862 1941 3014 - - - - —
3523 88 3646 287 193
