3771 4723
563 268 1187 450 Fortsetzung 23
577 464 1127 617 andres übrig.
573 610 3500 727 24ten 1. Die gestrige Oper schön aber zu lang. Hedwig im Theater, sprach
577 744 3407 897 sie in einem Zwischenakt. Nachher wieder Meisel. Dr. D. scheint mit A.
577 874 3406 1016 nicht gesprochen zu haben, denn er ass wieder Kraftsuppe, trank Bier
581 976 3537 1158 und Schnaps. Ich sage nichtsmehr. Auf der Heimfahrt streichelte ich sei-
572 1118 3574 1265 ne Hände, lehnte meinen Kopf anseine Schulter, aber er blieb wie ein Stok.
586 1269 3404 1368 Ich nehme mir fest vor auch die kleinste Zärtlichkeit zu unterlassen.
570 1388 3541 1512 (Zweifel und Mistrauen sind in mir denen ich noch keinen Namen zu geben
577 1520 3556 1676 vermag.) Sein Benehmen ist zu unnatürlich. Mein Gott ich hab ihm doch
574 1642 1130 1794 nichts getan.
568 1794 3551 1949 Mittag die Kinder. Hery hat die tollsten Zukunfts- Pläne die mir nur Sor-
575 1923 1061 2054 gen machen.
577 2042 3470 2216 Am N. M. Emmy R. die 2 St. blieb. Ein wunderbarer Charakter, aber ihre
576 2203 3469 2331 s. g. n. Abgeklärtheit versteh ich nicht. Ich bin leider garnicht abgebe
567 2304 844 2438 klärt.
570 2377 2881 2573 Abend allein zu Hause. Mit A. kurzes Telefon - Gespräch.
567 2571 3490 2683 Strahlend blauer Himmel. 5 grad Wärme.. A. sagt mir telefonisch, dass
576 2663 3462 2850 er Frau Clauser einen Abschieds- Besuch machen muss, da sie morgen nach
573 2806 3421 2979 Paris fährt. Ich fühle jedenfalls die Absicht heraus sich den Sonntag
570 2934 3434 3124 Vormittag frei zu machen. Wozu? Für wen?? Irgend etwas steckt hinter-
583 3124 3051 3231 seinem ganzen Verhalten. Ich bin allein spazieren gegangen --
571 3206 3415 3330 26 ten I. Nichts ist jetzt ärger, als das Alleinsein mit ihm. Gestern
556 3367 3580 3500 Abend erst Kino (kommen sie zum Rendez vous) dann bei ihm zum Nachtmal
567 3471 3497 3624 Conversation. Nicht ein herzliches Wort, nicht ein guter Blick. Wenn ich
560 3603 3524 3753 nicht zärtlich bin (und ich bin es nicht mehr) dann sitzen wir wie xxx-
567 3730 3434 3912 Fremde nebeneinander und er sieht verstohlen auf die Uhr. Ist er krank,
572 3877 3440 4020 ist er nicht normal? Was will er eigentlich von mir? Ich gehe in einer
558 3989 2641 4166 Stimmung von ihm fort, die an Verzweiflung grenzt.
561 4130 3405 4265 Heute wieder herrliches Wetter. Ich musste V. M. in die Stadt weil ich
558 4246 3346 4371 N. M. eine öde Damen- Jause habe, und Abend zu Wellsz. Ich möcht am
563 4369 2953 4547 liebsten durch 3 Tage Schlafmittel nehmen u. nichts wissen.
3487 118 3655 278 144
