3782 4678
551 280 1200 457 Tgb. 14.5.1930.
596 440 3388 627 15.5. Der Brief ein Schlag ins Wasser. Er kam zu mir, sagt: "Soll ich
557 620 3542 719 mir vielleicht jetzt den Kopf zerbrechen, was daraus entsteht, wenn ich die
551 743 3414 871 O. im Sommer irgendwo treffe, wenn ich mit Heini zusammen bin? Ich kann
565 883 3409 1052 ihr nicht sagen, du darfst nicht auf zwei Tage zu mir kommen, Frau Clara
533 993 3322 1131 erlaubt es nicht". Dabei ist er entstellt vor Wut und Aufregung. Was
547 1127 3447 1305 bleibt übrig - als kuschen. Sein Geburtstag! Mittag die O.-abends ich -
548 1263 861 1397 heiter!
589 1409 3445 1585 20.5. Immer freudloser. 0. am 16. nach Berlin zurück. Es ändert nichts
555 1548 797 1658 mehr.
583 1629 2398 1836 Zahnarzt, Sorgen wegen Harry, ich arbeiteviel.
584 1772 3357 1999 23.5. Kino,Theater, Autofahrten ohne jede Freude oder Zürtichkeit.oft
554 1986 3380 2135 glaube ich ess steckt noch etwas anderes hiner seinem Wesen. - Versuch
549 2127 3390 2262 einer Auseinandersetzung und zun Schluss wieder Verkrampfung. Ich ar-
545 2251 3290 2400 beite und meine Arbeit gedeiht, das ist der einzige Weg, den ich sehe.
574 2383 1508 2539 Am 27. heiratet Harry.
574 2565 3507 2714 24.5. VormittagAutofahrt mit A., Mittag bei ihm, Abend Kino, "Kuss" mit Garbo
505 2718 2797 2865 und - zuhause in meinem Zimmer vor Erbitterung geweint.
577 2892 3357 3069 27.5. Harrys Frau äusserlich entzückend. Gott gebe, dass es ein Glück
586 3027 812 3138 wind!
572 3188 3428 3347 Am Abend mit A. vor meiner Gartentür ein langes Gespräch. Er behauptet
529 3295 3529 3476 mich um nichts weniger zu lieben als früher. Bezsere Stimmung, - vielleicht,
524 3422 1065 3573 vielleicht -
560 3581 3404 3776 29.5. Mit A. Vormittag im Prater. Im Auto schiebe ich meine Hand unter
565 3718 3446 3919 die seine, er drückt meine Hand freundlich, dann lässt er sie wieder los.
555 3851 1044 3994 Ich ermüde.
543 4043 3469 4280 30.5. Abend Nachtmahl bei Strasser mit A. Ich anfangs heiter, gesprächig,
544 4184 1905 4332 herzlich, später trostlos, traurig.
542 4352 3434 4479 Sehr liebe Briefe von Harry und Sina aus Heiligenkreuz. Harry schreibt:
