3759 4670
1906 230 2683 397 Gmunden, 12.8.1931.
1883 389 2472 520 (nach Gastein)
712 496 3210 628 Mein liebes Kind,erst gestern ist Arnoldo hier eingetroffen; -
637 662 3238 818 Heini führt am Sonntag d. 16. wieder nach Berlin; Arnoldo dürfte
713 774 3482 906 Dienstag 18., spätestens Mittwoch wieder abreisen und so lange bleibt
677 936 3365 1050 auch O. hier; - ich schlage Dir vor, so lange in Gastein zu bleiben
650 1039 3241 1175 (die reguläre Kurzeit wäre ja 3 Wochen) und von dort aus direct
664 1175 3416 1354 hieher zu mir nach Gmunden zu kommen. Das liegt Dir ja auf den Weg-
716 1326 3304 1429 über Attnang musst Du jedesfalls fahren; - und für uns beide das
710 1432 3363 1578 bequemste. Die Landschaft ist schön, die Spazierwege angenehm; das
643 1536 3145 1703 Hotel wenn auch mit den bekannten Unzukömmlichkeiten deralten
667 1688 3399 1792 Salzkammerguthotels gesegnet, gut gehalten, die Küche sehr
670 1801 3422 1973 anständig, der Preis moderiert. Das Wetter wird sich hoffentlich bes-
668 1955 3438 2113 sern; - und das Klima ist in jedem Fall milder als in Gastein. Mich von
648 2074 3280 2213 Wien weiter zu entfernen habe ich vorläufig wenig Lust; wird das
661 2237 3356 2390 Wetter wieder schön, so lässt sich von hier aus alles unterne men.
670 2365 3251 2485 (Schinnerer hat seine Ankunft für heute Nachmittag angewagt, ich
668 2501 3153 2631 nehme an, dass er mit Heini vzusammen von hier abreisen wird.)
670 2626 3454 2767 Ich wäre sehr froh, wenn Du mit meinem Vorschlag einverstanden wärst,-
714 2743 3377 2878 damit Du nicht am Ende durch materielle Erwägungen bestimmt wirst,
710 2881 3393 3019 lege ich hier für alle Fälle 200 S. bei. Solltest Du irgendwelche
665 3001 3301 3145 Gegenvorschläge haben, so sag sie mir bald. Es scheint ja, dass der
666 3117 3264 3262 Aufenthalt in Gastein und vielleicht auch die Bäder Dir gut oder
653 3257 3378 3400 wenigstens wohl thun. Mein Befinden ist nicht schlecht; - Kopf, Magen
669 3395 3312 3513 freilich nicht ideal; aber damit lass ich mich abfinden.-Auf sehr
658 3521 3307 3655 baldiges Wiexersehen also und alles Herzliche und Innige. Dein A.
3520 115 3673 262 218
