3771 4622
649 260 1101 458 25.6.1931.
685 481 3507 652 hier wohnen, um einem eventuellen Einschreiten der geschiedenen Gattin
652 643 3422 780 vorzubeugen. Baron Melingo brachte alle meine Sachen und sein Gepäck
633 756 842 920 her.
617 918 3514 1057 Abend mit A. "Reporter" in Theator in der Josefstadt. Schlechtes Stück.
635 1017 3529 1184 Dann "Weisser Hahn" gemachtmahlt. Gedrücktheit. A. sogar in wichtlicher
634 1138 1199 1284 Verlegenheit.
631 1286 3445 1434 26.6. Heute um 12 Uhr Vormittag, wie schon unzählige Male weit Wochen
637 1420 3404 1579 (meist gegen 1/10 Uhr Früh oder Gegen 7 Uhr Abend) Anruf. Ich: "Hallo,
634 1519 3361 1717 Hallo! "Keine Antwort. Ich sage: "Aha, der gewöhnliche Kontrollanruf,
638 1667 3513 1825 ich weiss mehr genau, wer Sie sind. - Wieder keine Antwort, aber ich höre,
682 1815 3456 1990 wie mein Gegenpartner das Hörrohr auflegt.- Lag 2 Stunden mit wilden
628 1927 1505 2092 Herzklopfen am Divan.
619 2080 3433 2223 27.6. Furchtbarer Abend. Weils nicht, wie man so etwas überlebt. Nach
630 2228 3455 2364 quälendem Film "Lied des Lebens" im Deutschen Haus Nachtmahl. Er sagt,
617 2348 3421 2519 dass Dr.D., bei dem er heute Mittag war, Palace-Sanatorium Dr.Hecht für
604 2501 3433 2620 mich empfiehlt. Er würde dann später mit Prof. Schinnerer ins Südbahn-
604 2593 3550 2758 Hotel Semmering gehen (eine halbe Stunde wenigstens entfernt). Ich sagte
625 2738 3305 2852 anfangs lächelnd: "Nein, danke, - wenn ich allein fort soll, dann nach
613 2847 3305 3026 Bad Gastein, wozu mein Arzt rät", dass ich aber, wenn er mit mir geht
618 2997 3309 3129 mich ganz seinen Wünschen anpasse. Er kann sich augenblicklich ein
612 3098 3467 3294 Alleinsein mit mir nicht vorstellen, will erst mit Schinnerer in meiner
647 3197 3406 3385 Nähe, dann ganz allein, denn Heini, Arnoldo, Olga für paar Tage treffen,
657 3400 3373 3555 eventuell mich ganz zum Schluss. Zunehmende Erbitterung. Am Weg zum
619 3484 3407 3650 Auto erklärt er, er geht zu Fuss, ich woll allein fahren. Ich antworte:
633 3634 3367 3826 "Ich auch" und stürze wie eine Irrsinnige von der Teinfaltstrasse in
606 3742 3402 3937 die Stadt zurück. Er hinter mir drein. Beim Tafé Central holt er
607 3904 3530 4061 mich ein: "Sei nicht dumm - wir fahren zusammen". Mir ist so schwindlich,
594 4028 3328 4171 dass ich mich an den Häusern anhalten muss, bis wir ein Auto finden.
