2793 3362
1310 280 2120 428 Oktober 1921. Wien.
1097 633 1644 755 Herr Doktor!
906 632 1001 731 eb
540 834 2464 935 Es wäre furchtbar lieb von Ihnen wenn Sie meine
448 970 2496 1099 Arbeit bis Dienstag durchlesen würden und wir dann
389 1084 2363 1194 gleich darüber sprechen könnten. Sie war ein ganz
388 1233 2372 1329 plötzlicher Einfall von mir, als ich vor ein paar
376 1352 2329 1445 Wochen am Semmering spazieren ging und aus jedem
382 1476 2470 1582 Haus oder Hotel, an dem ich vorbeikam die Klänge ei-
378 1609 2381 1724 nes Kontrott ertönten. Sie erschienen mir wie die
381 1752 2501 1851 richtige Begleitung für das ganze jetzige Leben, wie
382 1897 1742 2006 es sich täglich vor uns abspielt.
535 2068 2333 2174 Ich würde mich riesig freuen, wenn Sie meine
369 2202 2499 2325 Arbeit gut fänden. Es tut mir nur leid, dass wie ich
389 2339 2538 2432 sehe, noch einige Fehler in den Abschriften sind, die
382 2467 2391 2564 ich nicht mehr korrigieren kann, da ich sie Ihnen
367 2597 1337 2721 heute noch senden will.
570 2737 2546 2838 Auf Wiedersehen Dienstag - ab 11 Uhr erwarte ich
374 2882 2337 3001 Sie und sende Ihnen einstweilen herzliche Grüsse
1055 3060 2298 3190 Ihre Clara Katharina Pollaczek
2542 113 2667 257 11
