3771 4694
361 362 3532 548 um 1 6 zu gerne ein wenig auf den See hinaus mit einer Barke. Es war so schön,
518 534 3551 675 letzten Sonnen- strahlen tanzten auf dem Wasser und viele Flugschiffe schw
372 654 3438 793 schwirrten durch die Luft. Ich hatte A. schon am Vormittag gesagt, dass ich
379 778 3655 951 gern gegen Abend ein wenig auf den See herum fahren möchte aber er hat offenbar
411 891 3477 1093 vergessen oder keine Lust gehabt-- So stapften wir wieder auf der staubigen
379 1021 3020 1203 Srasse herum und nachtmallen dann in einem kleinen netten Garten.
380 1197 3579 1344 Ale wir ins Hotel zurückkamen spielten und sangen rotbefrackte Sänger in einem
369 1280 3572 1420 Schiff nahe dem Ufer. Es war sehr hübsch mit den ausgesternten Himme darüber.
370 1394 3468 1578 Ich setzte mich auf eine Steinrampe um zuzuhören. Sofort erklärte A ergienge
381 1563 3604 1696 in die Halle um zu lesen und liess mich allein. Ein bösfeindliches Gefühl stieg
370 1709 3350 1866 in mir auf und Zugleich die Sehnsucht nach einer wirklichen Zärtlichkeit.
383 1843 2781 1961 A. gleubt bei mir Alles mit den Sinnen erledigen zu können.
380 1956 3595 2111 Ich hatte schon ausgelöscht als er an meine Türe klopfte. Ich rief herein. Dann
392 2059 3591 2222 setzte er sich auf mein Bett und frug warum ich so düster sei, es wirke bedrüc-
383 2204 3594 2345 bedrückend und es verderbe uns die schönen Tage. Ich hätte ihm wol übel genom-
381 2356 3511 2494 men dass er so lang gearbeitet hat. Ich sagte er wisse sehr genau, dass diese
385 2485 3353 2625 nicht der Grund sei, sonder seine Kälte seine Zurückhaltung die mit Sinn-
386 2599 3593 2774 lichkeit abwechsle, nie wirkliche Herzlichkelt und dann die Angst vor dem Win-
389 2722 3576 2876 ter der seinen Schatten Vorauswerfe, die Complicationen die ich ohne, das zu
395 2859 3545 3040 d sind die Gründe meiner Traurigkeit. Aber Alles was wir uns sagen sind Worte,
385 3003 3548 3131 die zu garnichts führen. Warum erzählt er mir jezt dass die 0. jetzt alles da-
390 3101 3646 3242 rann setze Geld zu verdienen und es in einer verspäteten Schanhaftigkeit schmerz¬
382 3233 3605 3388 haft empfinde, von ihm abhängig zu sein. Ich kann an das Schangefühl einer Frau
401 3379 3516 3549 nicht glauben die für das Geld des geschledenen Mannes, (den sie mit einem an-
388 3530 3534 3664 dern verlassen hat im Frühjahr nach Carls- Bad zur Kur geht im Sommer in dem
401 3687 3559 3793 teuersten Hotel am Karer - See sitzt und noch weitere Reise-Pläne hat, die
398 3773 3528 3938 ihre 18 jährige Tpchte mitten in der Übersiedlung in einer fremden Stadt ver-
397 3914 3628 4040 lässt nichts tut als ihren Körper zu pflegen -- Was sie will ist mir völlig klar,
391 4044 3598 4193 auch ihre plötzliche 2 "Hinsicht" was meine Person anbelangt. Ich höre die guten
388 4158 3571 4329 Freunde zu ihr sagen: Versuchen sie jetzt nicht Frau 7. zu verdrängen seien sie
379 4292 3448 4485 ihm jetzt nur eine gute verstehende Freundin- in ein paar Jahren oder noch
3596 109 3703 242 47
