3787 4687
2274 257 3103 428 16.10.1928. Bl.2.
2548 414 2743 522 schan
685 457 3352 622 Friedmann) unglaublich, hat schon angeblich auch Vorhalte gemacht; -
682 643 3532 762 ich sprach gestern zu K. meinen Entschluss aus: wenn ich bis Donnerstag
667 743 3341 872 keinen eindeutigen Vorschlag hätte, jede weitere Verhandlung abzu-
724 878 3469 1000 brechen. Ich wünsche weder herumzustehen, noch herum zuschätzen noch
687 1005 1322 1155 herumzuhandeln.
691 1110 3325 1275 Der Film, den er (Herr K.) gestern vorführte (L'homme qui rie (??)
658 1262 3561 1370 mit Conrad Veit ein langweiliger Kutsch mit einigen schönen Aufnahmen; -
683 1372 3399 1505 er selbst (Kohner nicht Veit) begleitete miserabel auf dem Klavier.
673 1495 3565 1639 Anwesend ausser mir Polgar (mit dem ich vor etwa 25-30 die ersten Worte
692 1663 3541 1763 wechselte), die Schauspielerin Frl. Lehmann-Haupt (vom Josefstämmerth.) -
723 1796 3329 1904 sie hatte im Frühjahr 27, wovon ich nichts wusste, in Karlsbad mit
675 1913 3409 2043 Lili - ein paar Mal lang gesprochen) und 3,4 andere Leute. - Im Büro
719 2036 3371 2156 sprach ich dann noch Kohtner: eben heute oder gestern habe er mit
676 2187 3364 2317 Barnowski wegen Bernhardi gesprochen; - im nächsten Herbst wolle er
729 2311 3514 2453 (Barnowski) ihn spielen. Ich erwiedere: Bestellen Sie Barnowski meine
687 2428 3472 2543 besten Grüsse. Seine Pläne mit meinen Stücken interessieren mich erst
681 2575 3469 2707 wenn die Generalprobe vorüber sein wird. - In Hartung (vorvorgestern)
718 2715 3493 2853 dem Direktor der Renaissancebühne lernte ich einen angenehmen klugen
687 2840 3274 2965 Menschen kennen - der zweifellos den Gang zum Weiher sehr hoch-
724 2944 3416 3072 schätzt, wie manches andere meiner Stücke. - Irgendwelche praktische
715 3091 3485 3203 Folgen sind bei der jetzigen Constellation so gut wie aus-
689 3229 1195 3352 geschlossen.
688 3367 3401 3515 Die Egmont-Vorstellung - trotz Kjöpfer - recht misslungen; - Jessner
670 3494 3361 3650 hatte einige wirksame, wahrstentheils aber läppische und politisch-
681 3626 3397 3764 tendenziöse Regieeinfälle; gegen den Sinn des Stückes. -So zwang er
690 3729 3407 3858 auch Heini in der kleinen Rolle des Secretärs, zu lächerlichen Ange-
678 3904 1643 4040 schmacktheiten.-
676 4026 3529 4148 Gestern Abend bei Fischers, wo auch Dora mit Gatten und Herr mit Gattin
729 4174 3581 4338 waren; ebenso waren Vikt und Mimi.- Der Abend stand im Zeichen des Zep-
3543 99 3704 248 162
