3771 4723
571 142 1469 385 Fortsetzung 21 Jänner
581 446 2903 606 Soll an Abend mit A. ins Theater ( Neues Schausvielhaus)
571 596 1674 756 A. V. Mittag wieder Probe.
543 712 3401 866 Getsren in der Stadt einen alten Flirt- Teschenberg getroffen. Wie
594 832 3527 999 lang ist das her wie alt wie müd bin ich seither geworden. Staune dass s
609 992 1557 1155 es andere nicht merken.
597 1108 3436 1271 22tenl.Gestern " Neues Schauspielhaus " - Bobby weint und Bobop Lacht-
599 1249 3442 1396 mit Harald Paulsen. Schwacher und schwachsinniger Abklatsch der Drei-
605 1346 3520 1531 groschen- Oper. A. gespensterhaft schlecht aussehend. Kühl fast unfreund
596 1493 3480 1682 lich zu mir, obwol ich von der grössten Herzlichkeit bin. Ob wirklich
603 1643 3656 1789 nur sein Befinden schuld ist? oft ist mir als musste ich um Hilfe schein-
596 1758 1812 1949 Sieht und hört denn niemand!
612 1862 3501 2052 23ten N. M. Thee mit Musik bei Königswarters dann mit A. bei "Die Rote
620 2043 3341 2181 schilds "v. Saasmann. Ein paar kluge Aussprüche einige geschickte
607 2182 3386 2329 Scenen aber keine Handlung und eigentlich langweilig. Beim Fortgehen
621 2281 3516 2446 strauchelte A. auf der Treppe. Ich streckte meine Hand aus wie ich es
607 2390 3348 2586 unwillkürlich für jeden getan hätte, er brü lt mich grob an; Weg! -
610 2562 2815 2696 Nachher schämte e sich und bat mich ihm zu verzeihen.
617 2676 3590 2798 Beim Nachtmahl (Meissl u. Sch.) ass er einen grossen Teller Kraft- Sup-
613 2805 3500 2955 pe trank Bier und Orangen-Bitter. Ich traute mich nicht etwas zu sagen
635 2968 3473 3070 aber ich werde Dr. D. anrufen und ihm mitteilen dass A. keinerlei Diät
623 3066 854 3228 hält.
634 3168 3544 3345 V. M. A. in der Stadt getroffen der besonders frisch schien. Wir besuch-
634 3325 3435 3470 ten zusammen Schwarzkopf. Dann fuhr ich mit A. in einem Taxy bis zu
578 3456 3035 3591 seinem Bruder Julius ( wo A. speist) und allein nach hause.
634 3569 3503 3720 Mit Dr D. telefonisch gesprochen oder unbeding gegen die vielen Flüssig-
636 3710 3554 3867 keiten und den Alkohol ist. Komisch dass ich ihn immer erst bitten muss,
641 3829 2120 4037 sich um seinen patienten zu kümmern.
640 3990 3527 4125 Heute Abend soll ich mit A. zu Bocca Negro gehen ( Oper v. Verdy Text v.
627 4159 3571 4275 Werfel i. A. wird böse sein dass ich Dr D. anrief, aber mir blieb nichts
3528 101 3659 283 143
