<?xml version="1.0" encoding="UTF-8" standalone="yes"?>
<PcGts xmlns="http://schema.primaresearch.org/PAGE/gts/pagecontent/2013-07-15" xmlns:xsi="http://www.w3.org/2001/XMLSchema-instance" xsi:schemaLocation="http://schema.primaresearch.org/PAGE/gts/pagecontent/2013-07-15 http://schema.primaresearch.org/PAGE/gts/pagecontent/2013-07-15/pagecontent.xsd">
    <Metadata>
        <Creator>prov=READ-COOP:name=TrHtr:version=0.0.6:model_id=44522:date=25_11_2022_11:53</Creator>
        <Created>2022-11-17T16:36:04.311+01:00</Created>
        <LastChange>2022-11-25T11:53:18.780Z</LastChange>
        <TranskribusMetadata docId="1233893" pageId="50264415" pageNr="678" tsid="105032694" status="IN_PROGRESS" userId="40391" imgUrl="https://files.transkribus.eu/Get?id=BRYGAROVMIXBQXBTUQTCATRW&amp;fileType=view" xmlUrl="https://files.transkribus.eu/Get?id=YLRDFZCTUAMIQUMGGNLYBMQB" imageId="41050831"/>
    </Metadata>
    <Page imageFilename="HIN-155550_0678.tif" imageWidth="3823" imageHeight="4687">
        <ReadingOrder>
            <OrderedGroup id="ro_1669820952866" caption="Regions reading order">
                <RegionRefIndexed index="0" regionRef="r1"/>
            </OrderedGroup>
        </ReadingOrder>
        <TextRegion id="r1" custom="readingOrder {index:0;}">
            <Coords points="435,91 435,4355 3702,4355 3702,91"/>
            <TextLine id="r1l1" custom="readingOrder {index:0;}">
                <Coords points="518,486 560,498 571,486 625,487 663,525 697,503 724,503 726,331 665,327 585,265 520,264"/>
                <Baseline points="536,447 564,447 593,448 621,449 650,449 678,449 707,447"/>
                <TextEquiv>
                    <Unicode>1929</Unicode>
                </TextEquiv>
            </TextLine>
            <TextLine id="r1l2" custom="readingOrder {index:1;}">
                <Coords points="504,643 3407,691 3408,600 2768,527 2225,609 505,574"/>
                <Baseline points="524,645 667,647 810,648 953,650 1097,651 1240,653 1383,654 1526,656 1670,657 1813,659 1956,660 2099,662 2243,663 2386,665 2529,667 2672,669 2816,671 2959,672 3102,674 3245,677 3389,678"/>
                <TextEquiv>
                    <Unicode>2.4. Bei einem unerträglichen Stück von Lenormand "Magische Liebe". Dann</Unicode>
                </TextEquiv>
            </TextLine>
            <TextLine id="r1l3" custom="readingOrder {index:2;}">
                <Coords points="482,826 1963,798 2405,864 2437,750 484,700"/>
                <Baseline points="503,774 598,774 694,776 790,777 885,777 981,779 1077,780 1172,782 1268,783 1364,784 1460,785 1555,786 1651,788 1747,789 1842,791 1938,791 2034,792 2129,793 2225,794 2321,794 2417,795"/>
                <TextEquiv>
                    <Unicode>in der "Linde" genachtmahlt. Gutes Einvernehmen.</Unicode>
                </TextEquiv>
            </TextLine>
            <TextLine id="r1l4" custom="readingOrder {index:3;}">
                <Coords points="479,940 3568,991 3570,869 480,825"/>
                <Baseline points="498,906 650,908 803,909 955,911 1108,912 1260,914 1413,917 1565,918 1718,920 1870,921 2023,923 2176,924 2328,926 2481,929 2633,930 2786,931 2938,932 3091,933 3243,935 3396,936 3549,936"/>
                <TextEquiv>
                    <Unicode>3.4. Wetter weiter grauslich, trotzdem winzige grüße Spitzen an den Sträuchen</Unicode>
                </TextEquiv>
            </TextLine>
            <TextLine id="r1l5" custom="readingOrder {index:4;}">
                <Coords points="464,1066 3551,1087 3353,990 466,963"/>
                <Baseline points="483,1037 635,1038 787,1040 940,1041 1092,1043 1244,1045 1397,1047 1549,1049 1701,1050 1854,1053 2006,1055 2158,1056 2311,1059 2463,1061 2615,1062 2768,1064 2920,1065 3072,1067 3225,1068 3377,1070 3530,1071"/>
                <TextEquiv>
                    <Unicode>Man kann es kaum glauben. Vormittag brachte mich A. mit Auto zu Anna. Abend</Unicode>
                </TextEquiv>
            </TextLine>
            <TextLine id="r1l6" custom="readingOrder {index:5;}">
                <Coords points="470,1200 2347,1219 2348,1108 2074,1093 471,1124"/>
                <Baseline points="491,1167 587,1169 684,1170 781,1172 878,1173 974,1174 1071,1175 1168,1176 1265,1177 1362,1178 1458,1179 1555,1179 1652,1181 1749,1182 1846,1184 1942,1185 2039,1186 2136,1188 2233,1190 2330,1191"/>
                <TextEquiv>
                    <Unicode>sollen A. und Schwarzkopf bei mir nachtmahlen.</Unicode>
                </TextEquiv>
            </TextLine>
            <TextLine id="r1l7" custom="readingOrder {index:6;}">
                <Coords points="476,1337 2891,1411 3403,1341 3404,1261 2942,1225 478,1223"/>
                <Baseline points="497,1295 641,1298 785,1301 929,1302 1074,1305 1218,1307 1362,1309 1507,1311 1651,1313 1795,1314 1940,1316 2084,1317 2228,1319 2372,1320 2517,1322 2661,1323 2805,1325 2950,1326 3094,1328 3238,1329 3383,1331"/>
                <TextEquiv>
                    <Unicode>4.4. Der Abend wäre sehr nett gewesen, aber A. fühlte sich physisch nicht</Unicode>
                </TextEquiv>
            </TextLine>
            <TextLine id="r1l8" custom="readingOrder {index:7;}">
                <Coords points="515,1440 3518,1471 3007,1370 516,1356"/>
                <Baseline points="533,1431 681,1433 829,1434 978,1436 1126,1437 1274,1439 1423,1440 1571,1442 1719,1443 1868,1445 2016,1448 2164,1449 2313,1451 2461,1452 2609,1454 2758,1455 2906,1457 3054,1457 3203,1458 3351,1460 3500,1460"/>
                <TextEquiv>
                    <Unicode>wohl, musste immer ans offene Fenster, Kongestionen, Schweiss, schlechtes Aus-</Unicode>
                </TextEquiv>
            </TextLine>
            <TextLine id="r1l9" custom="readingOrder {index:8;}">
                <Coords points="510,1596 3062,1638 3380,1534 511,1508"/>
                <Baseline points="531,1562 672,1565 814,1566 955,1569 1097,1571 1238,1572 1380,1574 1521,1575 1663,1577 1804,1578 1946,1578 2088,1580 2229,1581 2371,1583 2512,1584 2654,1586 2795,1587 2937,1589 3078,1590 3220,1592 3362,1593"/>
                <TextEquiv>
                    <Unicode>sehen etc. Ich mache mir Sorgen. - Schnee auf allen Bäumen - ein ewiger</Unicode>
                </TextEquiv>
            </TextLine>
            <TextLine id="r1l10" custom="readingOrder {index:9;}">
                <Coords points="469,1703 2932,1770 3406,1741 3407,1646 469,1627"/>
                <Baseline points="488,1692 640,1694 793,1695 945,1698 1098,1700 1250,1701 1403,1703 1556,1706 1708,1707 1861,1709 2013,1710 2166,1712 2318,1715 2471,1716 2624,1718 2776,1719 2929,1721 3081,1722 3234,1724 3387,1725"/>
                <TextEquiv>
                    <Unicode>Winter. Harry hat Heiratsabsichten. Es wäre ja sehr gut für ihn, aber ich</Unicode>
                </TextEquiv>
            </TextLine>
            <TextLine id="r1l11" custom="readingOrder {index:10;}">
                <Coords points="440,1871 3232,1896 3461,1880 3462,1784 441,1753"/>
                <Baseline points="461,1821 610,1823 759,1826 908,1827 1057,1830 1206,1832 1355,1833 1504,1835 1653,1837 1802,1839 1952,1841 2101,1842 2250,1844 2399,1845 2548,1847 2697,1848 2846,1850 2995,1851 3144,1854 3293,1856 3443,1857"/>
                <TextEquiv>
                    <Unicode>fürchte, das Mädel wird mir nicht gefallen. - Viel Biographisch gearbeitet.</Unicode>
                </TextEquiv>
            </TextLine>
            <TextLine id="r1l12" custom="readingOrder {index:11;}">
                <Coords points="501,1966 2584,2019 2585,1882 502,1883"/>
                <Baseline points="521,1953 623,1956 725,1958 827,1959 929,1961 1031,1962 1133,1964 1236,1964 1338,1965 1440,1965 1542,1967 1644,1967 1746,1968 1848,1970 1951,1970 2053,1971 2155,1973 2257,1974 2359,1976 2461,1977 2564,1980"/>
                <TextEquiv>
                    <Unicode>A. gegen Abend auf einen Sprung bei mir. Sehr lieb.</Unicode>
                </TextEquiv>
            </TextLine>
            <TextLine id="r1l13" custom="readingOrder {index:12;}">
                <Coords points="461,2107 2963,2181 3365,2083 3217,2005 462,2016"/>
                <Baseline points="482,2085 625,2087 768,2088 911,2091 1054,2093 1197,2094 1340,2097 1483,2099 1626,2100 1769,2102 1913,2103 2056,2105 2199,2106 2342,2108 2485,2109 2628,2111 2771,2112 2914,2114 3057,2115 3200,2115 3344,2117"/>
                <TextEquiv>
                    <Unicode>5.4. Vormittag mit A. im Künstlerhaus (Liebermann etc.) Mittag bei ihm.</Unicode>
                </TextEquiv>
            </TextLine>
            <TextLine id="r1l14" custom="readingOrder {index:13;}">
                <Coords points="470,2230 3381,2264 3291,2148 471,2169"/>
                <Baseline points="489,2216 632,2217 776,2219 919,2221 1063,2223 1206,2225 1350,2226 1493,2228 1637,2230 1780,2232 1924,2234 2068,2235 2211,2237 2355,2238 2498,2240 2642,2241 2785,2243 2929,2244 3072,2246 3216,2247 3360,2249"/>
                <TextEquiv>
                    <Unicode>Abend bei Dreigproschen-Oper, bin sehr impressioniert, dann in der "Linde".</Unicode>
                </TextEquiv>
            </TextLine>
            <TextLine id="r1l15" custom="readingOrder {index:14;}">
                <Coords points="453,2371 3341,2402 3080,2276 455,2280"/>
                <Baseline points="471,2345 613,2346 756,2349 898,2351 1041,2352 1184,2354 1326,2357 1469,2358 1611,2360 1754,2361 1897,2363 2039,2366 2182,2367 2324,2369 2467,2370 2610,2373 2752,2375 2895,2376 3037,2379 3180,2381 3323,2382"/>
                <TextEquiv>
                    <Unicode>Besonders guter Tag. A. besonders lieb zu mir, sagt mir unausgesetzt, wie</Unicode>
                </TextEquiv>
            </TextLine>
            <TextLine id="r1l16" custom="readingOrder {index:15;}">
                <Coords points="437,2493 2546,2563 2547,2464 2437,2424 438,2424"/>
                <Baseline points="456,2475 559,2477 663,2480 766,2481 870,2483 974,2484 1077,2486 1181,2487 1285,2488 1388,2489 1492,2490 1596,2490 1699,2492 1803,2493 1907,2493 2010,2495 2114,2496 2218,2498 2321,2499 2425,2500 2529,2502"/>
                <TextEquiv>
                    <Unicode>gut und elegant ich aussehe. Flitterwochenstimmung.</Unicode>
                </TextEquiv>
            </TextLine>
            <TextLine id="r1l17" custom="readingOrder {index:16;}">
                <Coords points="458,2635 3319,2672 3435,2567 459,2528"/>
                <Baseline points="479,2606 625,2607 772,2610 919,2612 1065,2613 1212,2616 1359,2618 1505,2619 1652,2622 1799,2624 1946,2625 2092,2627 2239,2630 2386,2631 2532,2633 2679,2634 2826,2637 2972,2639 3119,2640 3266,2642 3413,2643"/>
                <TextEquiv>
                    <Unicode>6.4. Harry verlobt. Das war rasch. Ich erwarte ihn eben mit seiner Braut.</Unicode>
                </TextEquiv>
            </TextLine>
            <TextLine id="r1l18" custom="readingOrder {index:17;}">
                <Coords points="461,2755 2552,2761 2552,2677 462,2675"/>
                <Baseline points="479,2739 581,2739 684,2741 786,2741 889,2742 992,2744 1094,2745 1197,2747 1300,2748 1402,2750 1505,2751 1608,2753 1710,2754 1813,2756 1916,2756 2018,2756 2121,2756 2224,2754 2326,2754 2429,2751 2532,2750"/>
                <TextEquiv>
                    <Unicode>Ich bin nicht sicher, dass sie mir gefallen wird - -</Unicode>
                </TextEquiv>
            </TextLine>
            <TextLine id="r1l19" custom="readingOrder {index:18;}">
                <Coords points="457,2936 3463,2968 3465,2811 459,2756"/>
                <Baseline points="477,2870 625,2871 773,2873 922,2874 1070,2876 1219,2877 1367,2880 1516,2882 1664,2885 1813,2886 1961,2889 2109,2891 2258,2892 2406,2894 2555,2897 2703,2898 2852,2898 3000,2900 3149,2900 3297,2901 3446,2901"/>
                <TextEquiv>
                    <Unicode>Alles ist weiss von Schnee und 3 Grad Kälte in der Früh. Was für ein son-</Unicode>
                </TextEquiv>
            </TextLine>
            <TextLine id="r1l20" custom="readingOrder {index:19;}">
                <Coords points="454,3053 649,3013 736,3056 874,3004 957,3039 1003,3017 1057,3036 1058,2929 993,2921 958,2951 856,2931 809,2961 703,2949 623,2906 455,2935"/>
                <Baseline points="474,2996 502,2997 530,2999 558,2999 586,2999 614,3000 642,3000 671,3000 699,3002 727,3002 755,3002 783,3002 811,3002 839,3002 868,3002 896,3002 924,3002 952,3003 980,3003 1008,3003 1037,3003"/>
                <TextEquiv>
                    <Unicode>derbares Jahr.</Unicode>
                </TextEquiv>
            </TextLine>
            <TextLine id="r1l21" custom="readingOrder {index:20;}">
                <Coords points="503,3146 3368,3231 3510,3114 504,3058"/>
                <Baseline points="521,3129 669,3131 817,3134 966,3135 1114,3137 1263,3138 1411,3141 1559,3143 1708,3144 1856,3146 2005,3147 2153,3149 2301,3150 2450,3152 2598,3155 2747,3156 2895,3158 3043,3161 3192,3162 3340,3165 3489,3167"/>
                <TextEquiv>
                    <Unicode>7.4. Also, ich bin flau auf die Sache. Das Mädchen ist nicht unsympathisch,</Unicode>
                </TextEquiv>
            </TextLine>
            <TextLine id="r1l22" custom="readingOrder {index:21;}">
                <Coords points="496,3295 3388,3305 2813,3187 497,3177"/>
                <Baseline points="516,3260 658,3262 801,3264 943,3266 1086,3267 1229,3269 1371,3272 1514,3273 1657,3275 1799,3277 1942,3279 2085,3281 2227,3282 2370,3284 2513,3287 2655,3288 2798,3290 2941,3291 3083,3293 3226,3294 3369,3296"/>
                <TextEquiv>
                    <Unicode>sehr lebendig (arisches Bürgertum), nur zu Chick sein wollend. Die Sache</Unicode>
                </TextEquiv>
            </TextLine>
            <TextLine id="r1l23" custom="readingOrder {index:22;}">
                <Coords points="458,3413 2159,3455 2161,3344 459,3333"/>
                <Baseline points="476,3387 559,3390 642,3392 725,3393 808,3395 891,3396 974,3396 1058,3398 1141,3399 1224,3399 1307,3401 1390,3402 1473,3402 1556,3404 1640,3404 1723,3405 1806,3407 1889,3408 1972,3410 2055,3411 2139,3413"/>
                <TextEquiv>
                    <Unicode>scheint vor allem pekuniär nicht fundiert.</Unicode>
                </TextEquiv>
            </TextLine>
            <TextLine id="r1l24" custom="readingOrder {index:23;}">
                <Coords points="453,3547 3325,3600 3369,3505 454,3456"/>
                <Baseline points="474,3521 617,3522 761,3524 905,3527 1048,3528 1192,3530 1336,3533 1479,3534 1623,3537 1767,3539 1911,3542 2054,3543 2198,3545 2342,3548 2485,3549 2629,3552 2773,3554 2916,3555 3060,3557 3204,3558 3348,3560"/>
                <TextEquiv>
                    <Unicode>Abend bei A. Er ist lieb und zärtlich, aber gleichzeitig müd und traurig.</Unicode>
                </TextEquiv>
            </TextLine>
            <TextLine id="r1l25" custom="readingOrder {index:24;}">
                <Coords points="480,3643 605,3684 1094,3667 1326,3703 1475,3675 1477,3603 1260,3560 1210,3605 1092,3568 996,3600 616,3558 481,3582"/>
                <Baseline points="501,3641 548,3644 596,3646 644,3648 692,3650 740,3651 787,3653 835,3654 883,3656 931,3656 979,3657 1026,3657 1074,3657 1122,3659 1170,3659 1218,3660 1265,3660 1313,3662 1361,3663 1409,3663 1457,3666"/>
                <TextEquiv>
                    <Unicode>Erfreulich ist es nicht.</Unicode>
                </TextEquiv>
            </TextLine>
            <TextLine id="r1l26" custom="readingOrder {index:25;}">
                <Coords points="440,3795 3083,3861 3415,3839 3417,3736 441,3685"/>
                <Baseline points="461,3777 607,3779 754,3782 901,3785 1047,3786 1194,3789 1341,3791 1487,3792 1634,3795 1781,3797 1928,3800 2074,3801 2221,3803 2368,3806 2514,3807 2661,3810 2808,3812 2954,3815 3101,3816 3248,3819 3395,3822"/>
                <TextEquiv>
                    <Unicode>8.4. War bei Turnowskys. Vater sehr nett, Mutter hübsch, will chick, elegant</Unicode>
                </TextEquiv>
            </TextLine>
            <TextLine id="r1l27" custom="readingOrder {index:26;}">
                <Coords points="441,3933 2897,4019 3245,3952 3247,3845 443,3837"/>
                <Baseline points="461,3906 599,3908 737,3911 875,3914 1014,3917 1152,3918 1290,3921 1429,3923 1567,3924 1705,3927 1844,3929 1982,3930 2120,3933 2258,3935 2397,3936 2535,3938 2673,3941 2812,3942 2950,3944 3088,3947 3227,3948"/>
                <TextEquiv>
                    <Unicode>und gebildet scheinen, aber ich glaubbihr das alles nicht. Mädi frecher</Unicode>
                </TextEquiv>
            </TextLine>
            <TextLine id="r1l28" custom="readingOrder {index:27;}">
                <Coords points="440,4070 1432,4073 1433,3989 1346,3965 1158,3993 1037,3941 956,3990 732,3925 575,3976 442,3955"/>
                <Baseline points="458,4037 505,4038 553,4038 601,4038 649,4040 697,4040 745,4041 792,4041 840,4043 888,4043 936,4044 984,4044 1032,4045 1080,4046 1127,4047 1175,4047 1223,4049 1271,4049 1319,4049 1367,4050 1415,4050"/>
                <TextEquiv>
                    <Unicode>Fratz und sehr verwöhnt.</Unicode>
                </TextEquiv>
            </TextLine>
            <TextLine id="r1l29" custom="readingOrder {index:28;}">
                <Coords points="491,4205 3421,4257 3423,4128 2844,4084 493,4102"/>
                <Baseline points="510,4169 654,4170 799,4173 943,4175 1088,4177 1232,4179 1377,4182 1521,4184 1666,4187 1810,4190 1955,4191 2100,4194 2244,4197 2389,4199 2533,4202 2678,4204 2822,4206 2967,4209 3111,4211 3256,4212 3401,4215"/>
                <TextEquiv>
                    <Unicode>Abend mit A. im Kino "Sturm über Asien". Dann "Linde". A. etwas heiterer</Unicode>
                </TextEquiv>
            </TextLine>
            <TextLine id="r1l30" custom="readingOrder {index:29;}">
                <Coords points="416,4308 522,4355 663,4326 960,4379 1060,4330 1220,4351 1221,4256 1175,4278 1149,4251 1080,4266 920,4233 756,4258 714,4227 622,4253 417,4213"/>
                <Baseline points="435,4308 473,4310 511,4312 549,4313 588,4314 626,4314 664,4314 702,4316 741,4316 779,4316 817,4316 855,4316 894,4316 932,4316 970,4316 1008,4316 1047,4316 1085,4317 1123,4319 1161,4320 1200,4322"/>
                <TextEquiv>
                    <Unicode>und sehr zärtlich.</Unicode>
                </TextEquiv>
            </TextLine>
            <TextLine id="r1l31" custom="readingOrder {index:30;}">
                <Coords points="3652,260 3704,271 3734,129 3704,123 3701,118 3682,114"/>
                <Baseline points="3687,191 3702,194"/>
                <TextEquiv>
                    <Unicode>28</Unicode>
                </TextEquiv>
            </TextLine>
            <TextEquiv>
                <Unicode>





























</Unicode>
            </TextEquiv>
        </TextRegion>
    </Page>
</PcGts>
