2793 3358
1719 301 2273 463 4.II.97.
884 585 1723 727 Lieber Herr Doktor!
517 829 2499 978 Ich bitte Sie im Falle Sie in den n채chsten Tagen
254 991 2516 1127 eine mich betreffende Nachricht aus Berlin erhalten, mir
201 1131 2348 1234 davon entweder schriftlich des Morgens vor sieben Uhr
205 1264 2453 1386 oder telefonisch zwischen zwei und halb drei Mitteilung
212 1410 2471 1511 zu machen, da ich sonst nicht vor Entdeckung sicher bin.
208 1513 2461 1642 Ich sehe Sie ja jedesfalls Sonntag um halbzwei zum Spei-
208 1622 2327 1745 sen, - nicht vergessen! - und freu mich schon sehr.
206 1798 2345 1903 Ich glaub, ich hab gestern zum Schluss sehr dumme Sa-
200 1925 2400 2069 chen geredet und Sie und Hugo werden nun eine schlecte
200 2045 2339 2170 Meinung von mir haben. Das t채t mir schrecklich leid!
593 2186 2080 2279 Auf Wiedersehen und herzlichen Gruss
1804 2329 1944 2413 Ihr
1953 2366 2111 2479 Bob
