2794 3362
1940 293 2242 419 3.5.29.
459 418 2567 545 schon heftigen inneren Widerwillen entgegengebracht,
454 569 2390 689 obwohl es diesmal eine geschäftliche Reise sein
460 699 2543 821 sollte. Denn es ist mir ganz klar - und klarer denn
454 841 2406 961 je - dass Du ohne die "else"-Angelegenheit einen
454 962 2446 1067 anderen Vorwand für ein Zusammensein gefunden hät-
449 1084 702 1185 test.
803 1150 2350 1276 Du hast genau gewusst, wie ich täglich,
453 1297 2309 1398 stündlich unter Deinem Dortsein leide und hast
439 1400 2359 1541 trotzdem eine neuerliche Verabredung,diesmal zu
434 1539 1877 1653 Dritt, "Arnoldo, O. und Du" getroffen.
795 1691 2461 1799 Es war vor Deiner letzten Reise nach Ber-
437 1813 2324 1947 lin, als wir in einer traurig-zärtlichen Stunde
433 1932 2438 2037 hier bei mir zusammensassen und ich zu Dir sagte:
431 2076 2585 2208 Wir sollten aus dieser schrecklichen Kälte hier fort,
484 2210 2720 2329 an irgend einen schönen Ort. Ich will Dich wieder jünger
494 2330 2508 2478 und fröhlicher machen. Du sagtest darauf: Jetzt ist
450 2490 2440 2617 es noch zu früh, aber Ende April oder Anfang Mai -
455 2609 2468 2730 und dann frugst Du, wohin ich eigentlich möchte. Es
417 2745 2435 2858 war das erste Mal, dass Du mich das frugst und'sich
485 2893 2602 3003 war sehr froh und sagte, um die Zeit wäre es am schön-
2526 113 2672 304 233
