3673 4687
462 206 617 346 28.
486 529 3282 640 zu "Leutnant Komma" v. Marr (eine Fr. Dr. Meller) Es soll angeblich
481 637 3361 803 ein ganz gutes Stück sein. Es sind noch Stunden bis zum Abend. Lang und
482 758 3304 954 einsam sind oft diese Sonntage- Die Stille im Hause oft beängstigend.
498 898 1670 1087 Gottlob guter Brief von Hery.
489 1028 3461 1179 19 ten Okt. - Gestern Abend sehr dürftiges Sötück in hübscher Aufmachung
488 1187 3283 1324 A. schlief zumeist. Sein Aussehen furchtbar. Mein Herz setzte oft aus
494 1298 3370 1453 vor Angst. Nachher im "Vindobona genachtmahlt. A. wurde nachdem er gee
496 1432 3360 1578 gessen hatte viel frischer. Er betrachtete mit lächelndem Mistrauen ei-
490 1543 3365 1692 nen blauen Fleck auf meinem nackten Arm. Ich leide seit August an einer
498 1671 3399 1834 Angio Neurose wie Dr Bl. diese kleinen Glauen Beulen nennt und Folge der
502 1822 3372 1974 Aufregungen sind aber ich liess inn sein Mistrauen und lächelte eben so
502 1957 3421 2083 listig zuruck. Vielleicht besser so. Er sah immer wieder hin- - Fand mich
501 2056 2551 2254 übrigens gut und hübsch aussehend und sagte es mir.
503 2180 3416 2339 Heute Abend um 27 rief A. mich an (obwol er gesagt hatte dass er zu Hau-
499 2337 3459 2457 se bleiben wird) ob ich mit ihm ins Kino gehen will. Ich sagte sehr glück-
496 2460 3343 2611 lich: Ich bin ja froh wenn du mit mir gehen willst" aber er reagierte
509 2597 3349 2751 eher kühl und befangen so als ob jemand bei ihm im Zimmer währe- Viell
510 2752 3401 2877 leicht Einbildung. Er holte mich ab. " Caffee Paradiso" Spannender Film.
512 2859 3340 3010 20ten Heute Vor-Mittag hat A. angeblich in der Stadt, CreditAnstalt zu
503 3000 3427 3138 tun und will dann bei seiner Schwester essen, wie er mir sagt. Immer ist
507 3133 3313 3242 er unterwegs und sieht aus dass einem das Herz still steht bei seinem
507 3266 856 3425 Anblick.
509 3398 3425 3531 Ich hab das Gefühl dass er die Cl. trifft aber ich bin zu müd um zu for-
525 3537 3375 3647 schen und zu sehr in Angst um ihn, als dass ich anderes denken könnte.
519 3659 1911 3758 Abend sollen wir ins Theater genen
513 3778 3356 3917 2tten Oktober. Gestern Abend in der Komödie beim "Gerichtsvollzieher"
507 3917 3420 4041 ein Schand- Stück. Karlweis und Sybille Binder spielten. B. enttäuschte
520 4039 3304 4177 uns diesmal. Wir habenuns Heide für sie geschämt dass sie in so einer
495 4149 1047 4344 Rolle spielt
3421 119 3556 291 252
