3726 4662
2004 247 2580 429 9.8.24. Bl. 2.
612 419 3458 632 esellte sich ein Herr Fuhrmann mit Gemahlin zu mir; aus Brünn, der dor-
550 588 3518 736 tige Mäcen - so z.B. habe ich nach meiner Vorlesung bei ihm genachtmahlt.-
542 755 3469 855 -Heute Nachmittag Rendezvous in St. Moritz,- wohin auch Michaelis kommen.
549 833 3402 1004 Sonntag bin ich in Sils Maria; - ist das Wetter so köstlich wie heute, so
518 1004 1585 1167 wandle ich zu Fuss dahin.
538 1107 3439 1281 In beiden Nächten sehr gut geschlafen, sehr viel und verwirrt geträumt,
557 1249 3432 1419 aber erst gegen Morgen. Mein Zimmer ist auch dadurch so ideal, dass ich
555 1360 3564 1523 einen Vorraum für mich ganz allein habe. Vom Fenster der Blick auf Murail-
550 1518 3388 1642 und nun fällt mir ein, dass ich unter anderm heut geträumt habe, wie ich
552 1625 3326 1792 an einem Abhang wandelte -und mich wunderte, im Gegensatz zum vorigen
555 1765 2204 1941 Jahr gar nicht mehr schwindlig zu sein.-
515 1894 2903 2026 Nun will ich waldwärts spazieren und den Weiher bedenken.-
541 2029 3350 2208 Morgen, mein Liebes, habe ich hoffentlich schon eine Nachricht von Dir.
576 2190 2805 2355 Leb wohl und sei in aller Zärtlichkeit umarmt. Dein A.
1633 2316 1924 2422 .... — —
3489 95 3620 294 83
