3782 4702
706 260 1350 415 Tgb. 10.7.1930.
707 446 3321 645 Erstes Glas Schlossbrunnen. Dann wieder schweres Depression. Ich
717 639 3278 760 eile nach Hause, Tränen stürzen mir aus den Augen. Ich sehe jede
706 737 1876 879 Ader an meinem Hals klopfen.
713 916 3389 1083 11.7. Brief von A. Findet, dass ich mit allem, was ich ihm über "Zug
709 1077 3388 1191 der Schatten" schrieb Recht habe und lobt die "Corday". Freue mich
711 1201 3408 1362 über die Anerkennung, aber ein zärtliches Wort wäre mir lieber. Mit
702 1341 2946 1476 Baronin Guttmann bei einem langweiligen Goethe-Vortrag.
712 1515 3484 1631 12.7. Anruf A. Kein gutes Gespräch. Er fährt Mittwoch mit Heini nach
712 1638 3370 1788 St. Moritz, wird Dienstag nochmals anrufen. Fragt mich, was ich nach
703 1785 3309 1913 Karlsbad tue. Er sol nicht glauben, dass ich da sitzen werde und
694 1923 3010 2027 warten, bis er mir gnädig winkt. Mir ist sehr elend zumut.
710 2055 3338 2203 Nachmittag mit Siegfried Trebitsch. Oeder, unsympathischer Mensch.
716 2177 3388 2285 Später bei Brugnen Aslan begegnet. Er ist sehr schön. Ich sehe ihn
701 2292 1944 2456 in meinem Stück als Barbara.
704 2464 3505 2639 13.7. Immer finsterer wird es in mir, immer mehr fühle ich, dass nichts
709 2648 3386 2772 mehr zu retten ist. Wenn nicht der Gedanke an meine Kinder, an Cary
688 2748 2347 2935 wäre, wer weiss, wohin ich gleiten würde.-
738 2929 3397 3023 Ich komme mit Menschen zusammen, die mich anöden, nur weil ich mich
740 3015 1900 3183 vor dem Alleinsein fürchte.
700 3177 3504 3357 14.7. Frieda schreibt: "Sie haben es bestimmt schwer, ich spüre alles,
702 3347 3378 3461 was Sie empfinden müssen - leider haben Sie davon herzlich wenig.“
711 3459 3453 3603 Ich bin gestern den ganzen Nachmittag mit Weinkrämpfen im Bett gele-
694 3624 3425 3766 gen. Heute mit Baron Guttman dejeuniert. War froh, als ich wieder in
692 3741 1468 3871 meinem Zimmer war.
