3771 4723
738 374 1193 501 13.1.1931.
793 493 3480 620 Als er mich anrief, wusste er es schon und klagte über schreckliche
754 622 3462 749 Kopfschmerzen. Nur Unangenehmes von allen Seiten, sagte er und keine
765 745 3373 903 Einnahmen. Amerika hält die Zahlungen zurück, die ihm zukommen, es
1661 848 1802 934 auf
757 897 3478 1010 bestreitet sein Recht Anteil an Tonfilmen, die aus seinen Stücken
770 1005 3453 1184 und stummen Filmen gemacht werden sollen. Aufregende Briefe,Pro -
889 1169 3565 1286 zesse etc. Wie, mein Gott, soll man ihn da vor Aufregungen schützen.
758 1258 2327 1422 Und die O. braucht im Monat 1500 Mark.
769 1409 3484 1536 Ich kann nicht mehr arbeiten. Ich habe schon letzthin Frau Clauser
763 1564 3498 1680 gebeten, da ihre Schwägerin mit der Wohlgemut gut ist, auf diese ein-
743 1651 3530 1789 wirken zu lassen, dass sie wegen dieser Rolle doch keine Geschichten
758 1807 3424 1910 machen soll, dass es eher der Johannsen unangenehm sein müsste, die
765 1948 3486 2085 durch sie in den Schatten gestellt und nicht jung genug wirken wird
772 2069 3493 2214 (als Leonilda). Hoffentlich hat Frau Cl. nicht vergessen. A. gab ich
770 2215 3357 2321 den Rat jedenfalls mit dem Burgtheater und Wildganz zu sprechen.
765 2331 3476 2437 Der Dr. Benedikt muss auch nicht wissen, was in seinem Blatt vorgeht,
759 2435 3401 2603 dass er so einen Unsinn drucken lässt. Und die Wohlgemut ist eine
749 2585 3442 2703 Gans, sonst würde sie sich nicht weigern eine Rolle zu spielen, weil
770 2739 3449 2843 sie älter als die Helden und nicht die Heldin ist. Menschen - Men-
767 2855 1039 2976 schen!
2353 2965 2806 3130 14.1.1931.
755 3094 3484 3246 Gestern Abend A. bei mir. Im Radio Hofmanns Erzählungen. Ich
766 3237 3442 3411 war sehr müße, tief innerlich müde. A. tut mir entsetzlich leid und
758 3377 2826 3501 doch fühle ich, wie er mich irgendwo bösartig quält.
763 3487 3484 3626 Frau Clauser telefonierte mir, dass ihre Intervention bei Frau Wohl-
765 3645 3513 3788 gemut ganz vergebens war. A. hatte übrigens gestern einen blödsinni-
766 3760 3481 3919 gen Brief von der W., wo sie ihn um Verschiebung des Stückes auf den
766 3885 3474 4024 Herbst bat, weil sie heuer keine wirklich grosse Rolle hat. Ich gehe
761 4018 3475 4165 heute zum ersten Mal aus, zum Friseur, weil wir am Abend bei Alma und
747 4156 3369 4320 Werfel eingeladen sind. Ich sehe elend aus und will gut aussehen.
3560 120 3667 299 139
