2794 3362
2102 276 2419 387 3.8.26.
490 445 2459 585 les sein, denke ich. Vielleicht fällt mir was ein.
480 588 2450 717 Auch den alten Film "Das böse Lächeln" werde ich
505 711 2574 851 inr vielleicht schicken. Auf der Fahrt von der Hof-
494 873 2567 998 rätin E. zu meiner Cousine Emmy R. traf ich den Max
488 971 2448 1106 Leitner in der Elektrischen, der mir seinen Platz
492 1128 2562 1237 überliess und mit mir plauschte. Als ich ihm sagte,
484 1243 2444 1371 dass ich in die Schweiz Jahre, sagte er lächelnd:
518 1379 2522 1521 "Sie treffen dort wohl Bekannte?" Ich sagte Ja, ich
482 1477 2446 1633 hätte dort Bekannte.Die Hofrätin E. frug mich, ob
489 1645 2433 1749 ich auch nach Adelboden fahre, worauf ich meinte:
472 1757 2436 1893 Nein, aber dass ich Dich treffen dürfte. Sie trug
509 1892 2681 2032 mir Grüsse auf. Ich wurde wieder von einem furchtbaren
504 2042 2513 2183 Unwetter überrascht und beim Umsteigen bis auf die
576 2156 2475 2297 ut nass. Ich habe am Nachmittag ein zweites Py-
463 2299 2510 2420 ramidon genommen und jetzt ist mir besser. Da Cary
490 2421 2463 2540 heute Nacht noch auf die Post fährt (wegen Magdi)
474 2559 2536 2683 gebe ich ihm vielleicht diesen Brief mit. Carly hat
1643 2650 1881 2733 nicht
474 2697 2493 2807 mich gebeten, wenn irgend möglich (vor dem 4.,5.nach
469 2836 2513 2957 Aussee zu kommen, Du siehst also, wie unmöglich Dein
1787 2917 2049 3029 wieder
470 2937 2581 3116 Vorschlag ist Dich erst nach Aussee zu treffen. Denn
2530 123 2669 277 327
