3771 4622
597 288 1253 463 Tgb. 16.6.1931.
639 491 3397 631 Harry fährt entweder am 29. via Hamburg mit der "Lacoronia" oder 28.
602 586 2137 776 via Triest mit der "Martha Washington"
601 724 3456 887 16.6. Abend. Meine Depression nimmt von einer Stunde zur andern zu. Den
588 853 3335 1026 ganzen Nachmittag allein, unfähig zu lesen und zu arbeiten. Nach dem
596 1001 3402 1141 Abendessen kurzer Spaziergang an seinem Haus vorbei. Lilis Zimmer und
604 1111 3362 1249 die Küche beleuchtet, sonst alles finster. Vielleicht Unterredung mit
585 1251 3384 1420 Ruth -? (die er angeblich haben soll). Die Luft ganz mild; die Linden
596 1378 3284 1552 duften betäubend. Nie war mir so klar, dass dies der letzte Sommer
604 1524 3432 1658 ist, den ich hier in dieser Gegend verbringe, vielleicht - die letzten
615 1669 935 1807 Wochen.
659 1750 2805 1914 Und was wird aus mir werden? Wo werde ich sein - - -
631 1915 3456 2048 17.6. Heute von 10-12 in der czechischen Passstelle wegen Passverlän-
889 2053 3450 2199 - Menschenschinderei. We,nn Hedwig mir nicht einen Beamten mit-
729 2192 3368 2307 geben hätte, wäre ich zusammen gebrochen. Abend woll ich mit A. zum
771 2281 3347 2493 aumexpress". Wozu sind wolche Abend gut? Eben rief mich Dr.D. an
609 2451 3448 2586 und sagte mir, er finde den Gesundheitszustand von A. objektiv und sub-
600 2582 3380 2701 jektiv bedeutend gebessert. Ich bin mehr froh darüber, aber in seinem
612 2699 2521 2841 Verhalten zu mir hat sich das nicht ausgewirkt.
609 2792 3411 3004 18.6. Gestern "Traumexpress", sehr öde Operettenrevue, dann "Weingartl".
606 2995 3371 3131 wo wir mit Heini, Ruth und einem Schauspieler Böhm zufällig zusammen-
648 3098 3328 3253 trafen. Grotesk - und ich habe es eigentlich wirklich nicht nötig
613 3222 3360 3371 sowas mitzumachen. Ich war sehr artig, Ruth und Heini fast beflissen.
608 3382 3392 3505 Als wir aufbrachen frug mich Heini, ob ich morgen Freitag in seine Ge-
595 3460 3374 3646 neralprobe "Komparserie" komme. Ich antwortete, ich wusste nicht, dass
609 3605 3289 3739 ich gewünscht werde. Er sagte: "Sie müssen wünschen." - Ich darauf:
603 3751 3405 3895 "Ich weiss nicht, ob es Ihren Vater recht ist." -A. (zu Heini, verlegen):
600 3851 3602 4007 "ich dachte, es ist dir nicht angenehm". -Heini: "Es wäre mir sehr angenehn."
611 4009 3306 4161 (lächelnd) "Sie schreiben doch nicht über Generalproben?" -Ich: (lä¬
599 4112 3353 4273 chelnd) "Sie hätten es nicht zu fürchten, aber es ist gar nicht mein
605 4298 1008 4429 Ressort".
