3771 4654
733 232 1141 369 2.5.1931.
716 405 3552 514 will Nachmittag zu Melless und bin um 7 Uhr bei Dr.D. angesagt.
717 537 3462 687 Eben von Dr. D., der mich sehr bedauert. Ich sol A. einfach als einen
737 650 3503 817 verschrullten alten Mann betrachten. Das ist leicht gesagt. Dann rät
741 771 3315 921 er mir wieder für einige Zeit fortzugehen. Ich sagte: Nein! Die
735 919 3309 1076 Verschlechter ng und Trostlosigkeit ist nur durch die vorjährige
739 1039 3365 1167 sech wöchentliche Trennung gekommen. Wenn ich gehe, - dann eben auf
734 1171 3541 1309 immer. Er (Dr.D.) behauptet, dass diese viertägige Trennung schon eine
725 1291 3026 1455 Klugheit von mir gewesen sei und sicher von guter Wirkung
708 1416 2025 1588 Morgen soll A. anrufen,vederemo!
755 1543 3034 1744 Nachmittag bei Wellenz, mich physisch wenig wohl gefühlt.
724 1705 3483 1838 3.5. Heute Früh Anruf A. Recht freundlich, will mich um 11 zum Spazie-
720 1805 3440 1983 renfahren holen. Dr.D. hat ihn gestern noch angerufen (ich hatte es
709 1932 3395 2131 ihm verboten) und sehr nett von mir gesprochen, er will mir darüber
710 2059 1464 2224 mündlich erzählen.
717 2215 3490 2393 3.5.Abend. Der heutige Tag schlimmendenn je. Nach herzlicher (schon
723 2320 3530 2534 zu viel gesagt), freundlicher Begrüssung Spazierfahrt mit Konverwation.
707 2474 3468 2645 Abend Theater "Hauptmann von Köpenick" (interessantes Stück, Thaller
719 2627 3467 2772 ergreifend), dann Hotel Krantz Majolika-Saal. A. eisig, stumm, unausge-
702 2751 3489 2916 setzt gereizt, trotz meiner Bemühungen ein Gespräch aufrecht zu erhal-
702 2877 3422 3034 ten, bis ich ihm sage, ich werde morgen wieder nicht vorhanden sein.
702 2986 3462 3180 Dann lenkt er mühsam ein. Wir fahren stumm und steif wie immer nach
693 3120 3404 3290 Haus. Vor dem Haustor wagt er: "Ich ruf erst morgen Nachmittag an."
693 3220 1793 3394 Ich sage: "Gut, schlaf wohl.“
686 3400 3414 3573 Und jetzt sitze ich da und weine, und weiss mir nicht zu helfen. Nur
699 3505 1221 3651 fort - fort.
689 3593 3490 3774 4.5. A. rief schon um 8 Uhr Früh an. Ich soll sei gestriges Benommen
696 3799 3382 3947 verzeihen, er sei so reizbar. Ich antwortete sehr freundlich: "Wenn
689 3885 3479 4072 du das einziehet,brauchen wir nicht mehr darüber reden.“ Er meinte,
695 4025 3498 4221 es käme von physischen Onbehagen. Ich glaube das nicht, wenn ich auch
709 4178 3360 4381 erwiederte. Wenn man Rindsgyulasch, darauf Gansleber und Butterbrot
3560 112 3704 281 168
