3690 4670
656 212 1272 343 Tagebuchauszug
656 334 1158 495 (14.8.1925.)
689 510 3385 653 essen, nachher spielte er auf meinen Wunsch nach langer Zeit wieder
642 668 3356 815 Klavier und dann stiegen wir zu seiner Terrasse hinauf, die ganz in
646 788 1612 933 Mondlicht getaucht war.
2434 910 2878 1057 15.8.1925.
647 1044 3385 1166 A. hat mich eben angerufen. Ich soll morgen Abend in Bozen sein und
650 1184 3413 1346 voraussichtlich dann mit ihm in die Schweiz hinüberfahren. Er sagte:
629 1333 2392 1451 "Ich bin froh D eine Stimme wieder zu hören."
2398 1434 3248 1572 19.8.1925. Pontresina
2393 1548 3124 1675 Hotel Pontresina.
635 1661 3318 1793 Nach zwei unvergesslichen Tagen bin ich hier angelangt. Auf einmal
642 1792 3398 1919 ist es so, als waren zwei Jahre versunken und wir wären da, wo wir vor
642 1928 3366 2070 zwei Jahren in dem ersten Sommer unserer Hiebe waren. Und doch auch
681 2036 3391 2163 wieder anders, denn ich glaube, wir haben uns viel lieber als damals.
649 2166 3314 2307 Ich habe zu jener Zeit unserer Beziehung keine lange Dauer gegeben,
647 2289 3399 2441 glaubte eher an eine Episode. Heute würde ein Ende einen furchtbaren
634 2402 1880 2569 Riss in meinem Leben bedeuten.
625 2543 3279 2689 A. war mit Blumen in der Hand an der Bahn, als ich in Bozen ankam.
604 2630 3311 2829 Mein Zimmer im "Laurin" war vorbereitet. Wir nachtmahlten gegen¬
675 2811 3437 2968 über im Hotel Bristol, bei Musik. Es war ein wundervoller milder Som¬
629 2951 3357 3080 merabend und wir hatten uns so lieb, wie vielleicht noch nie. Es ist
634 3089 3401 3227 mir übrigens ganz klar, dass A. mich am liebsten hat, wenn ich aus ir¬
635 3219 2464 3348 gend einer Ferne zu ihm oder er zu mir kommt.
640 3348 3473 3498 Die Fahrt am nächsten Tag im Privatauto (Steffenelli) über den Tonale-
629 3500 3312 3619 pass nach Tirano war unbeschreiblich schön. A. und ich hielten uns
631 3612 3264 3732 immer bei der Hand und ich war so glücklich, dass ich Angst hatte.
673 3719 3302 3847 Ich habe sie eigentlich noch. Womit werde ich diese Zeit bezahlen
628 3855 3342 3993 müssen? - ich war ganz froh, als ich gestern Vormittag mein goldenes
617 3997 3303 4125 Armband auf dem Weg von Cellerina nach St. Moritz verlor. Aber ich
612 4153 3260 4286 habe es leider wieder bekommen. Sollte es ein Ring des Polykrates
619 4312 3420 4437 sein!! A. wohnt in Cellerina drüben, wo auch seine Schwester mit ihrem
