3690 4703
2098 275 3033 391 Salzburg,Hotel Bristol
626 329 1499 479 An A.S., Baden-Baden.
2115 375 2537 516 20.6.1925.
629 603 1062 747 Liebster,
1012 688 3188 862 wie Dir meine Karte schon gemeldet haben wird, kam ich
649 883 3215 1009 gestern um 1/4 8 Uhr Abend mit dem D-Zug hier an. Die Reise war
651 1010 3407 1147 höchst angenehm, ich verplauschte die sieben Stunden mit einem Herrn,
646 1155 3455 1295 dessen Namen ich nicht kenne, aber dessen in Wien zurückbleibende Frau
655 1283 3414 1390 ich als Mädel öfters bei meinen Cousinen T. gesehen habe. Und da wir
657 1406 3336 1566 uns am Perron gegenseitig erkannten, war die Anknüpfung für ihn ge-
650 1537 3483 1641 geben. Sie ist die Tochter des ehemaligen Burgermeisters Grübl. Er war
653 1649 3325 1776 recht sympathisch und gesprächig und bedauerte sehr, dass ich nicht
652 1776 1714 1941 auch bis Paris weiterfuhr
995 1921 3319 2058 Hier war die Ankunft trüb, regnerisch und kalt. Dein Brief
637 2057 3245 2175 hat mich auch weder beglückt noch erwärmt. Er ist ja gewiss sehr
648 2194 3443 2310 freundlich, aber man spürt ordentlich die Angst vor jedem aufgeschlos
634 2317 3317 2440 senen Wort, vor jeder nicht genau bemessenen Zärtlichkeit. Wenn Du-
635 2444 2003 2566 wüsstest, wie müde mich das macht.
993 2584 3321 2722 Vielleicht hätte ich meinen Bruder Fredy nach Fiume resp.
639 2742 3353 2863 Abbazia begleitensollen, woran ich sehr dachte. Aber irgendwie liess
643 2827 3438 2988 ich mich durch unser letztes Telefongespräch bestimmen hieher zu fah-
669 2984 3478 3095 ren. Und nun bin ich hier und es lookt mich nicht hier 14 Tage allein
617 3109 3360 3268 sitzen zu bleiben, und ebensowenig in Ischl Familienkult zu treiben.
602 3222 3450 3367 Aber ich freue mich auch nicht der gemeinsamen Reise entgegen, wie man
627 3376 3394 3513 sich auf eine solche freuen sollte. Du nimmst jeder Freude den Glanz
634 3482 3386 3628 fort. Ich komme, da Du es wünschst, aber nicht mit jenem Glücksgefühl,
635 3622 3479 3768 das man zu einer solchen Begegnung mitbringen sollte. Schade! Im übri-
616 3728 3421 3876 gen geht es mir gesundheitlich gar nicht gut. Dieser quälende Winter,
662 3889 3432 4028 die letzten Tage und schliesslich auch das Einpacken in dem beengten
652 4013 3349 4154 Raum, das alles war entschieden zu viel für mich. Hoffentlich werde
631 4143 3433 4272 ich mich hier in diesen drei ruhigen Tagen und bei meiner Elastizität
625 4299 3346 4427 wieder erholen. Ich treffe also Dienstag (hier ab 6 Uhr 35 Früh) um
3433 88 3587 236 166
