2793 3358
337 411 2314 525 Am 17. Oktober 1897 hatte ich meinen zukünftigen
335 562 2186 670 Mann, Otto P. kennengelernt. Er war mir durch
347 703 2248 813 seinen Freund Richard Stein vorgestellt worden,
356 820 2335 940 aber es war dies eine von langer Hand durch meine
344 949 2354 1072 Eltern vorbereitete Begegnung, die über die Firma
582 1042 776 1149 ihnen
358 1088 2180 1192 I.Z.P. genügende Auskünfte eingezogen hatten.
347 1212 2219 1354 Dass der noch nicht 24 jährige junge Mann sich
344 1351 2229 1455 keines besonderen Rufes erfreute, schien durch
350 1492 2303 1590 das Ansehen, das die Familie und die Firma (die
351 1614 2260 1768 100 Jahre bestand ) genoss hinlänglich gedeckt.
352 1755 2234 1855 Nach dieser ersten Begegnung äusserte ich mich
352 1881 2223 1978 zu meinem Vater, der mich über meinen Eindruck
353 1997 2474 2122 befragte, " der junge Mann habe unmögliche Ansichten
349 2125 2454 2251 Er hatte mir nämlich gesagt, dass wenn er von seiner
351 2258 2432 2406 Frau verlangen würde, sie soll eine Hand beim Fens-
362 2409 2278 2503 ter hinausstrecken, so müsse sie es tun ohne zu
365 2531 2347 2628 fragen warum und wenn es ihr auch noch so sinnlos
513 2607 826 2683 chineux.
367 2661 2314 2756 ersehenst. Mein Vater antwortete komischer Weise
359 2791 2424 2888 darauf: Es kann nicht jeder die Ansichten von Artur
358 2904 2384 3010 Schnitzler haben. Man mass offenbar meinem Verkehr
346 3047 2435 3168 mit A. S. eine Bedeutung bei, die mir damals völlig
