2793 3358
1521 364 2070 490 6. IV. 1897.
927 614 1583 769 Lieber Arthur!
534 785 2454 947 Ich konnt Dir zu dem Bild nichts weiter schrei-
299 978 2495 1096 ben weil ich es mit höherer Erlaubnis und Begutachtung
302 1096 2494 1184 abschickte und so sag ich Dir durch diese Zeilen, dass
288 1234 2406 1334 ich mit dem Deinen eine riesige Freude hatte und Dir
304 1369 2320 1450 sehr dafür danke. Und dann habe ich auch noch zwei
297 1497 2435 1613 Bitten. Sei so lieb und schick mir nochmal den Musen¬
301 1579 2367 1718 almanach, wo "Tor und Tod" drin istund gib dem Hugo
301 1754 2405 1847 das Manuskript seines Prologs von "Mimi" für mich,
295 1871 2457 1993 damit er es ihn mir nächstens bringen und ich mir wieder
292 2006 2532 2192 aufheben kann. Bitt e sei nicht bös, dass ich es Dich noch
295 2150 2411 2263 so plag. Und nun leb wohl, ich wünsch Dir viel, viel
293 2242 1836 2394 Schönes und sag auf frohes Wiedersehn.
1214 2391 1964 2535 Vergiss uns nicht!
1881 2539 2050 2647 Bob
