3690 4659
1643 344 2493 484 Semmering,27.8.1928.
621 480 1560 627 An A.S. Hohenschwangau.
667 761 1193 895 Mein Liebes,
1163 834 3286 1030 ich habe eben mein Nachtmahl verzehrt - Schinkenbrot
659 1019 3317 1192 und Bananen und beschliesse heute nicht mehr in die Halle hinüber
645 1181 3279 1310 zu gehen. Als ich gestern eine halbe Stunde drüben war wurden mir
671 1297 3453 1401 durch Dr. W. der Präsident Fall von der Südbahngesellschaft und seine
647 1427 3370 1577 Gattin vorgestellt und es ist mir schrecklich zuwider neue Menschen
652 1553 3299 1671 kennen zu lernen und schon gar solche, die ich mir nicht ge-
686 1655 1230 1829 wünscht habe.
1192 1760 3271 1977 Am Nachmittag war ich gestern auch einen Augenblick
628 1931 3275 2059 drüben, um Geld aus meinem Depot zu hoben und da sah ich Aslan und
646 2078 3283 2202 ich glaube auch Moissi sitzen. Ich musste zweimal an innen vorbei
635 2230 3352 2359 und jedes Mal sahen sie mich interessiert an und mir nach. Ich weiss
627 2339 3401 2483 nicht, ob weil ich gut aussah oder im Zusammenhang mit Dir. Aber ich
631 2491 3397 2660 glaube eher Beinetwegen. Aslan dürfte mich erkannt haben, obwohl ich
630 2583 1638 2709 ihn nie gesprochen habe.
1093 2712 3333 2873 Meine Erholungsmöglichkeiten haben wohl ihren Höhepunkt
635 2876 3432 3015 erreicht, wenn nicht überschritten. Ich bin abgebrannt und sehe sicher
665 2984 3262 3106 frischer aus, was ich mehr an den Blicken anderer Leute, als durch
593 3120 3307 3270 in eine eigenen konstatiere. Aber das gewisse Aufgepulverthein durch
600 3263 3296 3400 die Veränderung der Umgebung ist stark im Abflauen und ich fühle,
661 3372 3291 3498 dass ich sowohl durch die tiefgründigen Gespräche mit Emmy R., wie
627 3491 3389 3650 durch das viele viele Alleinsein immer nervöser werde. Es wäre frei-
626 3646 3215 3778 lich wunderschön noch am Land bleiben zu können, nicht mit diesen
666 3785 3288 3916 tristen paar Tagen den Sommer zu beschliessen. Aber das hätte nur
591 3912 3253 4064 unter ganz anderen Voraussetzungen einen Sinn. Dein heutiger Brief
621 4025 3297 4183 (vom 25.) klang auch wieder so traurig, so trostlos, dass es mir das
604 4160 3324 4325 Herz zerreist. Lass mich über meine Empfindungen schweigen bis ich
604 4289 3359 4479 Dich wieder in meinen Armen halte und dann - bedarf es keiner Worte.
