3674 4687
524 309 1807 464 Fortsetzung Gasteiner Tagebuch.
501 434 1129 593 7. August 1931.
525 560 3243 744 Bin irritiert, weil von Dr.D. auf zwei Briefe noch ohne Antwort bin.
529 704 3369 834 Wozu beschwor er mich ihm zu schreiben? Offenbar hat er mir nichts Gu-
536 812 2853 1012 tes zu sagen, der Optimist. Ich sehe wieder Qualen voraus.
523 985 940 1108 8. August.
532 1089 3475 1243 Den ganzen langen Tag keinen Menschen gesprochen. Sehr guter freundlicher
535 1231 3371 1335 Brief von Dr. D., der mich Gutes hoffen lassen könnte, wenn nicht A. sich
530 1383 3240 1505 so ganz anders benehmen würde, als es der Schilderung seiner Gefühle
528 1498 3202 1642 für mich in diesem Brief B.'s entsprechen musste.- Kurze flüchtige
517 1601 3504 1757 Karte aus Gmunden, wo A. am 7.angekommen sein will, während D. mir schreibt,
520 1764 1583 1911 dass er am 6. hinfuhr - -
532 1899 3305 2025 Nachmittag allein zur "Schwarzen Lisl" hinaufgestiegen. Abend einsam
528 2027 1243 2175 im Gasteiner Hof.
526 2120 3171 2288 9.8. Auch heute kein Mensch.- Lieber langer Brief von Hery vom
505 2263 3267 2388 22.7. Gottlob,es geht ihm gut. In der Friedrichs-Laube allein
537 2414 2418 2565 gegessen,D.s Brief beantwortet. Es schüttet.
522 2517 3344 2682 10.8. Brief von A. ohne ein gutes Wort. Möchte mit mir um den 20. he-
541 2688 3288 2793 rum zusammenkommen. Heini am 17.bereits in Berlin; ich antworte, dass
539 2767 3361 2950 ich bis 16. hier zu treffen bin, da meine bescheidenen Mittel mir nicht
532 2912 3323 3055 längeren Aufenthalt gestatten. Da neini abreist steht ja diesen Datum
533 3053 3299 3173 nichts im Weg.- Wozu in Wien diese Annäherungen von seiner Seite, wenn
535 3204 3301 3328 er sich jetzt wieder so verhalten will? Müss ich vielleicht warten,
541 3320 3425 3454 bis die geschiedene Gattin sich entfernt - soll meine Existenz nach al-
538 3452 3414 3561 lem, was war, jetzt wieder von dem Zusammensein mit anderen Frauen abhän-
547 3584 1458 3732 gig sein? Es schüttet.
556 3659 3307 3843 Vormittag im Hotel Austria, um Medizinalrat Bloch für einen rührenden
533 3837 3277 3973 Brief über meine Aphorismen (gestern in der Neuen Freien Presse) zu
1774 3934 2004 4013 Schn.
532 3988 3294 4150 danken. Sprach auch dort Julius 3. und Frau, die mich besser aussehend
545 4114 3282 4225 findet. Louise Fränke Ehrenstein liess sich mir durch Herrn v. Tolnay
3426 111 3549 308 23
