3771 4707
1635 347 1997 489 Tagebuch
695 488 1272 624 Sommer1926.
704 686 1748 833 Roman Therese gesprochen.
714 813 3449 923 Gestern und heute nach Tisch beim Zuckerbäcker gewesen. A. ist ge-
712 955 3372 1058 näschig wie ein kleines Kind, er ist überhaupt oft wie in kleines
714 1064 965 1214 Kind.
719 1187 3302 1298 24.8. Bin Vormittag zuhause geblieben unter dem Vorwand mit dem
714 1353 3361 1459 Einpacken beginnen zu wollen, hauptsächlich aber um A. einmal al-
725 1473 3447 1635 lein herumsteigen zu lassen. Es ist ganz gut für ihn. Ich habe auch
715 1589 3362 1717 wirklich gepackt, seine Handschuhe gewaschen und für ihn geflickt.
705 1704 3292 1890 Er kam früher zurück als ich dachte, war sehr lieb und zärtlich,
723 1847 3330 2010 sagte ich sei bildhübach und sehe aus wie ein 18jähriges Mädel!!
724 1979 3328 2142 Mehr kann man nicht verlangen, wenn man angehende Schwiegermutter
734 2148 3364 2251 ist. Nach Tisch wieder beim Zuckerbäcker, am Rückweg zufällig sei-
720 2276 2000 2394 nen Schwager Prof. H. getroffen.
726 2370 3374 2524 Wetter weiter märchenhaft. Keine Wolke am Himmel. xxx Viele liebe
723 2521 3417 2648 Briefe von Cary. Am 31. will er mit seiner Braut zusammentreffen und
724 2667 3391 2789 mit ihr zusammen nach Aussee. Am 5. werde ich wohl auch dort sein.
723 2779 3331 2890 25.8. Abschiedsstimmung. Wie dumm ich bin. Morgen sollen wir von
722 2918 3363 3048 hier fort, wahrscheinlich Interlaken, dort 1-2 Tage, dann A. zu Dora
701 3079 3426 3192 M. nach Grindelwald und eventuell eine Begegnung mit Lichtensterns.
719 3164 3316 3293 Ich allein nach Luzern weiter, dann nach 4-5 Tagen A. wieder bei
718 3280 3257 3436 mir. Nachher voraussichtlich noch ein paar Tage und ich allein
739 3431 3373 3567 nach Aussee, wo ich mit den Kindern Karl und Magdi zusammentreffen
730 3560 3334 3701 will. Könnten wir nicht bis dahin zusammenbleibens Ich bin viel-
716 3673 3367 3829 leicht undankbar, aber ich verstehe einfach xxx nicht, wa-
727 3825 3245 3940 rum früher auseinander als man muss, wenn es so schön zusammen
727 3948 3212 4080 ist. Aber er muss sich und Andern seine Selbständigkeit, seine
719 4087 1716 4236 Unabbängigkeit beweisen.
722 4201 3220 4315 Heute Mittag war davon die Rede, dass er es nie verstanden hat
727 4342 3343 4474 Freunde und Verehrer sich zu erhalten. "Ja, verehrer, die man sich
