3770 4719
2052 401 3014 562 Berlin, 2.12.1927, um 5 Uhr
1976 503 2587 634 Hotel Bristol.
496 601 3428 753 Mein Liebes - diese Stunde entspricht ungefähr der Wiener 1/3 Uhr Stunde,
501 747 3410 852 denn eben bin ich vom Tisch aufgestanden und wurde indes von Frau Gose¬
501 891 3425 985 gitsch und gleich darauf von Herrn Lantz in Filmangelegenheiten (es han¬
536 995 3412 1146 delt sich um Comtesse Mizi) angerufen; weitere persönliche Besprechung
538 1120 3331 1246 noch heute gegen Abend. Nun aber lass Dir von gestern erzählen. Vor-
517 1272 3508 1396 gestern bei Dr. Wenzel Goldbaum in Urheberrechtsangelegenheiten allgemeiner
1888 1356 2244 1450 dass ich,
506 1396 3347 1523 Natur. Es zeigte sich wieder einmal, nachdem wir einander brieflich ge¬
485 1538 3517 1662 hechelt hatten, eine mündliche Aussprache alles klarstellte und meine Vor¬
544 1631 3359 1778 schläge fast enthusiastisch aufgenommen wurden. Dann bei Öllstein, wo
508 1782 3469 1915 ich Wiegler längere Zeit, Krell flüchtig sprach. Wiegler findet es unrich-
502 1923 3295 2073 tig, dass die Vossische den Roman nicht bringt; rät mir, wenn auch Knorr
503 2063 3382 2171 &amp; Hirth versagen, Berliner Tagblatt (ich schreibe auf meinem Hängekoffer
499 2189 3341 2312 als Pult). In Bristol allein gespeist, Heini kam erst um 4 aus der
502 2307 3232 2460 Probe.- In meinem Zimmer bei recht mässigem Befinden Werfel gelesen
509 2449 3261 2599 (ohne sonderliches Vergnügen) - dann Deutsches Theater mit Michaelis,
496 2596 3349 2747 Eltern und zwei Söhne, Dorothea Angermann. (Krauss ausserordentlich, die
535 2704 3343 2857 Thimig hohes Niveau, nur zu sehr verkrampf). In ein Restaurant am Kur¬
503 2861 3431 2990 fürstendamm mit Michaelis, wohin auch Heini kam (der damit den zwei Jahre
502 2969 3400 3089 lang unterbrochenen Verkehr mit Michaelis wieder aufnahm). Somit wied er
509 3127 3395 3238 erst gegen ½ ins Hotel, tief mit dumpfen Träumen geschlafen. Heut gegene
533 3237 3412 3364 11 Uhr fort; zu Fischer (Verlag), lange Unterredungen mit Fischer, Marll,
497 3348 3376 3490 Bermann geschäftlicher Natur: Theatervertrieb, Reigen, Gesamtausgabe etc.
491 3502 3464 3630 Es fehlt durchaus an Blan - immer nur meine persönliche Intervention pul¬
542 3607 3421 3742 vert auf (aber xxx begrenzte Dauer). - In der B.Z. Artikel
498 3761 3389 3888 über meine Anwesenheit bei den Freiwild-Aufnahmen. Meine Gespräche mit
530 3896 3384 4023 Kurt Mühsam fast durchaus falsch referiert.- Mittagessen mit Heini, O.,
460 3979 2474 4130 Paul Marx; zahllose komische Theatergeschichten.
499 4120 3506 4319 Im Hotel kurzes Gespräch mit Raphael Schermann, mit dem vielleicht noch ein
