3742 4674
2072 327 2724 495 28.7.23. Bl. 2.
683 532 3520 693 Meine Schrift ist nun wieder besonders miserabel - es melden sichwie-
714 656 3548 799 der Vorboten des Schreibkrampfes, an dem ich voriges Jahr im Sommer la-
692 796 3446 946 borierte. Also sei mir nicht bös. Sobald ich wegen Salzburg Ge-
716 933 2846 1042 naues weiss, schreibe ich express oder telegraphiere.
717 1060 3303 1222 Für heute Liebe, Schöne, nichts weiter als einen sehr sehrlangen
704 1196 1192 1330 Kuss.......
1399 1263 1600 1475 Dein
3484 112 3652 280 42
