3742 4662
2242 225 2996 396 15.1.25 Bl.3
610 457 3344 606 rarischen Vereins ist, was sehr für die Luzerner Literatur spricht; -
611 617 3308 722 habe auch nicht sicher zugesagt; - aber wenn meine Nerven und meine
614 718 3319 849 Stimme weiterhin sich so gut bewähren, warum nicht? Allerdings lebe
574 849 3431 979 ich sehr vernünftig; esse wenig, schlafe genug und lasse mir nichts ab-
622 1009 3358 1129 gehen. Und habe seit 8 nun 8 Tagen keinen "Geschäftsbrief" gesehen.-
617 1118 3415 1270 Zuhause gabs einen Umsturz; - Frl. Solt. musste Frau Zens wegen beson-
614 1244 3358 1355 derer Unverschämtheiten kündigen; - sie war längst meinem Zorn reif.
579 1376 3106 1488 Insbesondere ihr alkoholischer Mann war eine peinliche Zugabe.
932 1505 3361 1618 Nun aber mein Schatz will ich Dir für heute Adieu sagen; am
2508 1607 2747 1690 + una
587 1653 3403 1780 Samstag schreibst Du bitte noch eine Karte nach Zwez, -Brief halte ev.
583 1789 3511 1937 zurück bis Du genauere Nachricht hast. Wo ich in St.Moritz wohnen werde,
548 1892 3331 2026 steht noch nicht fest; Dr. Bohner hat wir im "Privathotel" ein Zimmer
1720 1999 2021 2082 das ist
573 2042 3350 2175 reserviert, aber ich fürchte, eine Art "Familienpension" - mit
581 2159 2376 2332 notgedrungener "Ansprache" - da sei Gott vor.
930 2318 3163 2426 Leb wohl, Liebste, ich bin in zärtlichstem Gedenken Dein
1977 2552 2027 2690 --
3455 123 3620 290 113
