3673 4670
513 215 1155 371 An A.S., Berlin.
2057 212 2721 396 Wien, 25.3.1929.
497 453 910 639 Liebster,
1056 628 3250 732 Du hast jedesfalls zwei Tage nicht geschrieben, da ich
518 787 3150 907 gestern und heute ohne Brief bin. Durch den Sonntagsanruf bin ich
506 883 3180 1003 aber einigermassen über den Fortang der Verhandlungen beruhigt und
496 1024 2904 1172 hoffe, sie haben seither noch günstige Fortschritte gemacht.
1023 1162 3274 1279 Ich war heute Vormittag nur kurze Zeit in der Sonne des
496 1294 3204 1410 Türkenschanzparkes. Zu Tisch waren Cary und Magda hier und erst am
517 1404 3305 1558 späten Nachmittag fuhr ich in die Stadt und bummelte in der Dämmerung
494 1561 3226 1689 durch die Strassen. Alles kam mir sonderbar vor und mein Dasein und
503 1662 3146 1788 ich ganz fremd und unwirklich.- Verzeih, wenn es wieder nur wenige
500 1807 3176 1945 Zeilen werden, aber ich kann jetzt nicht über mich selbst reden. Du
497 1935 3058 2063 bist so fern, in einer so ganz anderen Atmosphäre und ich müsste
487 2067 3149 2220 Bände schreiben um mich verständlich zumachen. Und auch das würde
492 2193 3289 2331 nichts nützen. Es ist ja möglich, dass mir, wie Du sagst, manches in ei-
487 2339 3330 2467 nem falschen Licht erscheint, aber man kann doch schliesslich über sei-
489 2459 3374 2616 ne Vorstellungen und Empfindungen nicht hinaus und schon gar nicht über
499 2591 3289 2720 seine Natur. Es wäre mir sicher wohler, wenn ich anders wär oder sein
485 2713 3082 2848 könnte. Mit dem Arbeiten geht es leider ebenso wenig nie mit dem
483 2866 3342 2998 Schlafen. Aber dafür ist leider mein so gutes Mittel wie das Phanodorm
491 2966 2355 3118 erfunden worden, das ich jetzt schlucken werde.
2478 3037 2621 3155 26.
1003 3098 3244 3264 Auch heute, den 3.Tag kein Brief! Ich wünschte sehr die-
490 3236 3118 3361 ser namenlosen Traurigkeit Herr werden zu können. Hoffentlich ist
485 3325 2918 3523 dort alles gut erledigt. Kehre gesund und wohlbehalten heim.
1038 3489 2620 3634 Es umarmt Dich mit den besten Wünschen
1505 3615 1957 3787 Deine C.K.
3440 82 3543 264 224
