3758 4658
2351 300 3103 484 Berlin, 18.11.1930.
682 474 3480 667 Liebste, von gestern ist zu berichten, dass Vormittag Direktor Schröder
768 654 3476 829 ei mir war - der Hauptmacher der Hegewald (Fett ist auf Reisen, kommt
656 784 3404 901 erst Donnerstag.) Dann mit Schröder zum Atelier Bjber (Leiterin Frau
633 872 3484 1059 Schröder; - daher entschloss ich mich) - Aufnahmen.- Dann bei Dr. Mohren-
640 1034 3509 1181 witz, Fertigung des Optionsvertrages für Kakadu und besonders Casanova.
667 1168 3415 1278 Zu Alfred Kerr, der seit Monaten krank, sich aber ein wenig zu erholen
690 1304 3165 1443 scheint; - im ganzen war er guten Muthes und ich versuchte das
668 1418 1381 1577 meine dazu zu tun.
627 1535 3311 1685 Mittagessen bei Michaelis; -woselbst auch Skals. Mit Dr. Michaelis
640 1701 3345 1801 Unterredung über meine amerikanischen Angelegenheiten; er sieht sie
2996 1769 3387 1879 Reisefilm
622 1844 3345 1967 ziemlich skeptisch an. - Abend war ich in einem Kino; ein Rexx
626 1958 3402 2117 von Collin Ross - Australien,Asien; sehr merkwürdig. Mit Heini Ruth
625 2080 1185 2217 genachtmahlt.
621 2206 3437 2355 Heutewittag es ach hier im Hotel mit Viki und Mimi. Soeben war Herr
619 2346 3197 2468 Dr. Bibo bei mir, - wegen Text Kakadu - und Paracelsus für Opern.-
633 2487 3335 2627 Ich erwarte Anruf von Krell in Angelegenheit der Novelle. Ueber den
609 2589 3318 2763 Titel bin ich mir noch nicht klar. Flucht in die Nacht - hat die
631 2694 3364 2855 zwei Ob gegen sich; - unangenehmer als die wei U (Flucht ins Dunkel)
618 2873 3324 3019 Heini schlug den Titel vor (nach "Ginster von ihm selbst erzählt" -
569 2990 1939 3147 Finster, von ihm selbst erzählt).
612 3104 3421 3267 Dein lieber Brief von vorgestern kam eben an. Schönen Dank; ich werde
620 3260 3379 3401 sehr froh sein, trotz vielem positiven, diese Stadt und mein Hotelzim-
625 3412 3494 3537 mer wieder zu verlassen und freu mich einem guten Wiedersehen entgegen.
610 3534 3369 3675 Ich will einen Tag noch nicht angeben, aber ich wüsste nicht, was mich
617 3663 3276 3781 über den Schluss der Woche noch aufhalten könnte. Mein Befinden ist
613 3754 3255 3924 wieder ein wenig labil; im ganzen lebe ich vernünftig; - esse fast
607 3925 3365 4058 gar kein Fleisch und so ist es mir fast besser gegangen als in Wien.
612 4015 2686 4171 Das Wetter ist kalt, aber - heute wenigstens hell.-
592 4158 3290 4340 Zum arbeiten bin ich kaum gekommen; nur gestern gab es Nachmittags
3535 114 3638 286 121
