3743 4602
480 254 695 381 1928
484 449 3326 599 plan. In Atthang umsteigen. Wir hatten bis Attnang ein Halbcoupé erste
434 583 3418 696 Klasse allein. Wir wurden vom Kondukteur sofort, wie A. behauptet, auf ele¬
450 746 3378 872 gantes Liebespaar eingeschätzt. Im Hotel Elisabeth ausgezeichnete Zimmer
448 843 3458 1030 mit Bad, Aussicht auf die Traun. Essen famos. Am Abend trotz trübem Wetter
484 996 3379 1145 Spaziergang, um liebe Erinnerungen zu suchen und zu finden. Wie lebendig
455 1115 3230 1224 werden die Kinderjahre, die Eltern -. In der Ahorngasse an der Villa
470 1248 3320 1358 Schmalnauer vorüber, wo ich vom 7.–11.Lebensjahr mit Grossvater, Eltern,
453 1355 1973 1524 Geschwistern jeden Sommer verbrachte.
427 1477 3258 1646 Guter, zärtlicher Abend. Heute Vormittag trotz Regenwetter mit A. nach
439 1646 3416 1799 Laufen und zurück. Hin durch den Wald, zunück durch die Au. A. etwas müde.
446 1773 2652 1891 Köstlich zu Mittag gegessen. Jetzt eine Stunde geruht.
479 1887 3444 2086 13.6. Gestern stiller Abend. A. sehr müde. Verstimmt über sein Befinden.
483 2032 3087 2206 Heute strahlend schönes Wetter. Ich habe ihn noch nicht gesehen.
412 2222 3330 2364 Herrlicher Ausflug auf den Kranabetzsattel. Mit Auto nach Ebensee. Dann
405 2364 3334 2518 Schwebebahn. Ich kämpfte mit einem Unbehagen im Herzen. Nach
412 2484 3333 2642 Ankunft auf die Spitze gestiegen. Ich sagte nicht, wie elend mir ist und
446 2618 3374 2776 nahm Kola. Beim Abstieg wurde mir besser. Auch A. spürte ein paar Augen¬
474 2724 3440 2943 blicke sein Herz. Wir ruhten in der Höhensonne. Ausgezeichnetes Mittages¬
443 2869 3401 3047 sen in der Schutzhütte. Aussicht märchenhaft. A. in guter Stimmung. Auto
478 3001 3332 3171 wartete in Lebensee. Um 4 Uhr waren wir zuhause. Ich ruhte, dann badete
423 3134 3385 3318 ich. A. lieb und sehr zärtlich. Jetzt wollen wir einen Abendspaziergang
411 3229 752 3393 machen.
476 3362 3353 3530 14.6. Gestern noch gegen Sophiendoppelblick gebummelt. Sehr beglückende
466 3512 3482 3697 Stunden. Heute schönes, aber nicht mehr so klares Wetter. Weiss noch nicht,
473 3641 1327 3796 was wir unternehmen.
418 3764 3403 3927 1 4.6. Abend. Die heutige Autofahrt war wundervoll. Wetter, Gegend märchen¬
467 3912 3357 4058 haft. Ueber die Pötschen, Aussee, Steinach, Liezen, Pyrn nach Hinterstoder.
472 4022 3368 4255 Im Gasthof, Jagdhaus gemütlich gegessen. Gute Stimmung, trotzdem A. sich
