3755 4670
2563 319 3255 489 10.9.1925. Bl.2.
519 477 3310 589 zählt hast), zu Ehren eines Beisaglierieregiments - viele, fast durchaus
515 629 3383 739 nette Officiere und sehr viel hübsche Frauen und Mädchen (das Publikum
494 732 3343 864 durchaus italienisch.) Eine bewonders gute Jazzband, - die übrigens wäh-
526 870 3317 997 rend des Diners edlere Musik vorzüglich spielte. Ich verschwand bald.
517 985 3446 1101 Mein Zimmer einfach mit Balkon und dem Blickaufs Meer. Keine weichen Pol¬
554 1086 3396 1260 ster, keine Doppelthüren. Eute Badien og. - Saison schon zu En¬
514 1245 3349 1389 de gehend.- Dies hier ist (im Gegensatz zu Rapallo) ein Sommerbadeort.
511 1374 3281 1542 Der gestrige Tag: Frühspaziergang - der mich eigentlich ins Land hi¬
517 1526 3271 1617 nein führen sollte - aber man wird doch bimmer am Ufer festgehalten; -
525 1666 3247 1800 dann das Bad ; mit Lili (recht weit) hinausgeschwommen, Wellenschlag
516 1747 3239 1896 und - schäumen; Ruhen im Sande.- Dann Spaziergang im Sand längs des
513 1898 3359 2014 Meers.. Gutes Lunch (erst um 2), dann im Zimmer bis gegen 17 gearbeitet
511 2041 3291 2139 (ganz neues zum Weiher) - an den Strand; und wieder ein Dorfspazier¬
512 2169 788 2289 gang.
474 2313 3363 2443 Mein Telegramm und meine Karte hast Du hoffentlich erhalten. Du weisst
559 2421 3477 2576 also, dass ich mit Lili über Florenz zurückzufahren gedenke. Ol. und Frau
507 2564 3436 2702 K. mit Tochter wollen wenn möglich noch bis 30. September hier bleiben;
519 2692 3383 2798 und da dieses Hotel schon am 15. gesperrt wird, suchen sie eine Pension.
507 2803 3356 2961 Alma ist wohl schon in Venedig, aber es scheint mir keine sehr dringen¬
503 2965 3150 3080 de Einladung erfolgt zu sein. Ich will mit Lili in Florenz und in
494 3086 3321 3249 Venedig je 2-3 Tage bleiben und nächste Woche Freitag oder Sonntag in
535 3212 3305 3317 Wien sein.- Dagegen werde ich Lili im October nicht nach Berlin mit¬
555 3328 3234 3437 nehmen, sie hat für den Winter die rührendsten Lern-und Esspläne; –
511 3487 3237 3608 Von Dir mein Liebes, werde ich hoffentlich in Florenz und in Venedig
509 3621 3413 3751 Nachricht haben. Du erhältst Depeschen - in diesen Augenblick könnt ich
503 3745 3189 3883 noch nichts sicheres sagen; auch kämen die Angaben in diesem Brief
556 3861 1139 4006 schon zu spät.
496 3981 2835 4111 Lebwohl mein Liebstes und denke mit guten Gefühlen Deines
1542 4095 2795 4233 Arthurs, der Dich innig umarmt.
1552 4294 1835 4443 ------
