3787 4726
2479 263 3260 457 16.10.1928. Bl.3.
641 459 3347 655 pelin. Wir hörten dann das Radio, (ohne viel zu verstehen), al-
642 613 3419 773 lerlei Reden - die in Lakehurst gehalten wurden: - dazwischen ertönte
637 735 3489 911 immer wieder Wiener Musik (aus Wien) - die von Fall zu Fall zum Gunsten
634 883 3450 1038 Amerikas abgeschaltet wurde. Mich erschüttert es tief - aber auch die
641 1025 3364 1147 Fähigkeit des Staunens ist nur begrenzt.- - Ich erwarte einen Anruf
649 1137 3498 1287 des Herrn Kohner, - vorläufig vergeblich. Dann begab ich mich inz Bureau
645 1272 3418 1431 Fischer (der persönlich sehr herzlich ist),um etliche Angelegenhei-
686 1401 3498 1547 ten weiter zu bringen. Sie werden vermutlich nach dieser Unterhaltung
639 1550 1932 1683 auf dem gleichen Fleck stehen.
632 1637 3398 1795 Mein Liebes, ich sage Dir für heute Adieu und bin ich sehr gespannten
621 1813 3484 1938 Erwartung Deines Briefes, der hoffentlich noch heute Vormittag eintref-
650 1903 3373 2054 fen wird. Mein körperliches Befinden ist ganz gut; alles übrige ist
697 2075 3534 2182 weniger positiv; und es wird schön sein, wieder in Deiner Nähe und ganz
799 2191 3482 2305 in Deinen Armen zu sein.- Lass mich den Bericht über persönliches,
647 2299 3356 2465 so weit er Dich intere wiert, auf mündlich verschieben. Wichtig ist,
644 2470 3546 2598 dass Heini nicht nur an Leistungen, sondern auch an Erfolgen und Geltung
653 2563 1688 2721 erfreulich fortschreitet.
639 2711 3444 2845 Lebwohl Liebstes ich muss den Brief leider abschliessen und aufgeben,
644 2840 1758 2980 ohne den Deinenabzuwarten.
1039 2994 2408 3126 Ich umarme Dich zärtlich. Dein A.
3507 102 3675 283 163
