3743 4647
255 78 472 239 21.
463 205 987 372 14. September
496 445 3280 602 Ein Abend bei A. drüben mit "Unruh" und seiner Gattin, die er
460 572 3342 706 nach einer langen Beziehung geheiratet hat. Sie hat ein feines Gesicht
460 706 3412 874 und ist nicht so perpetent wie die meisten Dichter- Frauen. A. seit weni-
457 829 3444 1002 gen Tagen woler und etwas freundlicher zu mir. Ich habe aus grosser Müdig-
447 952 1768 1115 keit lange nicht eingeschrieben.
458 1105 3575 1222 14Sept. Ich glaube die CL. ist nach Wien zurückgekehrt A. sichtlich irritirt
452 1214 2972 1351 klagt über Herzbeschwerden, sieht heute wieder schlechter aus.
459 1337 3502 1503 15Sept. Heute V. M. auf meine Anregung hin kurzer Spaziergang mit mir, dann
448 1499 3423 1655 gieng ermnach Hause, wo er sicher die Cl. erwartet. Amt Abend geht er zu
443 1605 1567 1775 D. sich untersuchen lassen.
444 1703 3520 1911 16. Gestern Abend telefonierte A. dass D. ihmibigitalis gegen Herzbeschwer-
2466 1862 2520 1962 des
445 1865 3538 2005 den verordnet hat da seine Unbehagen doch auch mit Herz zu tun haben. (Etwas
447 1999 3383 2180 spät giebt D. Mittel) Wenn A. ruhiger lebte, innerlich ruhigen wäre, --
449 2111 3508 2282 Ichsagnichts mehr. Es war 18 als anrief, auf meine sehr freundliche Fra-
444 2269 3466 2437 ge, ob ich noch ein bischen zu ihm kommen darf,ein kurzes "Nein" Ich nehm
450 2358 1206 2531 es freundlich hin.
429 2503 3408 2692 17. Sept. G. Gestern V. Mittag, bin ich zu Prf Fr. UndHofrätin Z. gelaufen
435 2665 3483 2803 damitsie wegendes Nobel-Preises intervenieren. (Naturlich hinter seinem
424 2800 3429 2909 Rücken (Er leidet jetzt auch unter den pekuniären Aussichtslosigkeiten.
437 2919 3507 3068 Ernimmt Er nimmt nicht ein oder nahezu nichts und giebt der O. noch immer
429 3023 3435 3197 1030 Mark im Monat. Prf. F. weiss keinen Weg. Hofr.Z will an T. Mann Ein-
436 3188 2791 3305 stein Geraldy schreiben, wegen Intervention in Stockholm.
431 3305 3468 3456 Ambend bei Phäa v. Unruh mit A. Ein furchtbarer Dreck dieses Stück. Werfel
436 3444 3541 3581 und Szolnays gesprochen. Letztere mich mit A. für Sonntag Mittag eingeladen.
413 3567 3438 3740 A. besondersk kühl gegen mich und verlegen. Auf meine freundliche Frage
418 3714 3386 3890 ob ernicht heute bei mir nachtmalen will, da ich endlich ein Mädchen habe,
420 3817 3392 4009 wieder ein kurzes. Mein. Ge stern beim "Hahn" genachtmahlt. A. heut
408 3956 2805 4105 noch nicht gesprochen, will mich erst Nach-Mittag anrufen.
3469 123 3608 273 245
