2793 3358
1581 276 2225 409 26. August 1897.
405 430 2319 538 erzählt man auch in der gehässigsten Weise, ich
390 550 2555 655 hätte Dir angetragen, mir Du zu sagen und noch vieles
414 708 2444 810 was Dich auch ärgern würde, obwohl es nur mich be-
400 836 2551 922 trifft. Die dummen Leute begreifen ja gar nicht, dass
396 959 2407 1071 man sich auch in einer harmlosen netten Art " Du "
407 1087 2398 1196 sagen kann. Meine Eltern wissen nichts davon. Das
403 1220 2472 1313 hab ich verhütet. Aber ich seh immer mehr ein, dass
403 1354 2394 1442 ich aus all dem heraus muss, denn ich werde durch
405 1477 2476 1593 diese unlendlichen kleinen Aufregungen so müde, und
417 1614 2397 1717 ganz dumm! Bist Du wirklich in Ischl? Komm doch
396 1734 2398 1846 herüber. Ich radel jetzt und da können doch nicht
409 1858 2433 1996 so viele Leute nach, dass sie einen wieder stören,
397 2012 2159 2112 und ich möcht wieder so viel mit Dir reden.
556 2136 2478 2241 Gearbeitet hab ich fast nichts, denn ich war so
400 2267 2399 2403 tief verstimmt, dass ich mich zu nichts aufraffen
405 2384 2514 2496 konnte. Ich hab die Idee "Charlotte Corday" zu dra-
409 2537 2458 2629 matisieren und bin nun bei der Akt-Einteilung. Ich
409 2654 2320 2774 habe vorher viel über sie gelesen. Herr Heutler
406 2768 2585 2896 schickte mir zu dem Zweck ein sehr gutes Buch ben vor
403 2905 2637 3050 Lamartine das mir viel nützt wenn auch meine Auffassung
411 3032 2441 3170 eine ganz andere ist. Ich seh nämlich in ihr keine
2537 108 2684 295 1/28
