3787 4718
2335 305 3109 450 8.10.1928. Berlin.
666 278 1085 485 II. Brief.
2320 410 3007 527 Hotel Esplanade.
649 547 3548 706 Mein Liebes, Dein Brief vom 7.Sonntag ist glücklicherweise heute Mittag
697 710 3370 831 aingelangt; so lass ich meiner Karte von Morgens in einer ruhigen
702 857 3414 1008 Stunde diese ausführlichen Zeilen folgen. Du weisst scheon, dass ich
693 1004 3351 1161 gestern Vormittag mit Dora einen langen Spaziergang in den schönen
797 1143 3498 1240 Grunewaldstrassen machte und bei Michaelis zu Mittag speiste. Zwei
686 1237 3405 1377 Söhne und die Schwiegertochter Ilse waren anwesend, ich probirte den
721 1388 3372 1498 neuen Steinway, der kürzlich angeschafft wurde. Man speist so spät
681 1521 3364 1661 in Berlinich ruhte mich im Hotel ein wenig aus, sah mir einen sehr
692 1654 3525 1799 apnnenden Film an, Looping the loop.in dem Werner Krauss ausserordent-
721 1763 3365 1906 lich war; nachtmahlte mit Heini, der aus den Webern kam, wo er eine
653 1915 3457 2053 kleine Rolle hat und früh fertig ist. Gut geschlafen,in verhältnis-
682 2012 3441 2152 mässigem Wohlsein erwacht. 7-8 Telefongespräche. Ins Deutsche Thäter;
673 2168 3478 2289 Max Reinhardt wollte dort sein. Weder er noch sein Bruder, noch Kahane
665 2303 3487 2414 waren anwesend; -ich liess meine Karte dort, wollte noch zu Czinner, den
691 2427 3406 2560 ich gestern angerufen.
669 2544 3520 2662 B. in "Probennoth" (Julia), sehr nervös, -entzückend dass Sie mich anru-
684 2690 3535 2805 fen. Film Elise noch nicht fertig".) war aber plötzlich so hin, dass ich
735 2825 3371 2961 ins Hotel fuhr mich auf eine Stunde hinlegen. Es kommen zum Essen
666 2942 3535 3095 Herr Kohner und Biro; - Hermann liess sich entschuldigen; statt seiner
696 3086 3494 3221 der Generaldirector der "Universal" Friedmann und - Lämmle junior, der
732 3214 3380 3328 Neffe des Chefs - um 12 per Flugzeug aus München angelangt; vor 2
723 3362 3489 3480 Tagen aus Amerika.- Sie wollte, meine Bedingungen wissen, gabens elbat
731 3469 3418 3626 keine an. Wünschten sichtlich mich hineinfallen zu lassen. Ich er-
688 3576 3411 3732 klärte dass ich ihnen Freitag nach Rücksprache mit Advokaten (alias
681 3722 3396 3844 Bermann) Näheres sagen werde; wo auch Biro schon seinen Filmentwurf
727 3861 3565 3993 "Spiel im Morgengrauen", vorlegen würde.- Sie waren persönlich sehr nett,-
766 3996 3529 4135 und meinen es offenbar ernst.Heini kam zum schwarzen Kaffee, und ver-
684 4090 3536 4282 stand sich gleich sehr gut mit Herrn Kohner. Der junge Herr Lämmle hat
687 4259 3481 4389 in Amerika bei einem Autounfall eben vier Finger der linken Hand ver-
3516 121 3661 295 152
