3742 4626
542 250 783 415 1929
550 500 3421 607 5.1. Verdächtigung, Abneigung gegen die 0., Angst und böse Ahnungen. Sie
572 610 3414 732 scheint mehr zu wissen. Sie sagte, wenn nur nicht noch etas Schreckli-
567 756 3363 922 ches Herauskommt. Ich glaube, sie hat mich gern. Aber ich frug nichts
579 894 908 998 weiter.
561 1059 3376 1210 Henry zu Tisch. Gespräch über seinen schlechten Verkehr. Melingo etc.
567 1126 1942 1270 Karl und Magda auf dem Semmering.
572 1277 3383 1430 Vorige Nacht hatte ich einen bösen Traum in Zusammenhang mit Cary, der
617 1426 3414 1590 mich mich verstimmte. Diese Nacht von Olga und Heini lebhaft geträumt.
581 1532 1770 1696 Ich träume überhaupt zu viel.
565 1652 3379 1796 6.1. In der Früh Anruf A. aus Berlin. Sehr lieb. Nachmittag nocheinen
583 1813 3458 1934 Expressbrief. Daher mein Wohlbefinden. Von Kreins ein entzückendes Kin-
566 1925 3259 2082 derbild A.'s bekommen. Er sieht darauf Lili sehr ähnlich, nur viel
613 2072 3424 2227 hübscher und gütiger. Morgen kommt A. zurück. Gott gebe uns ein gutes
575 2214 1817 2352 Wiedersehen und Beisammensein.
574 2325 3435 2440 8.1. Er kam eine Stunde nach der Ankunft sehr animiert und herzlich zu
580 2438 3451 2566 mir herüber. Aber auf meine Freude ist ein Hauen von Trauer und Ent-
2750 2515 3666 2658 wie sie jetzt herausstellt
571 2583 3435 2681 täuschung gefallen. Er war doch täglich mit der O. beisammen. Wozu? da
634 2677 935 2770 wird
2356 2656 2857 2769 abères. iben
560 2684 3271 2852 Ich heute genau weiss, dass er sie nicht liebt. Es ist ein Grad von
568 2865 3250 2966 Schwäche, der mich erbittert. Deplazierte Rücksichtsnahme, Angst vor
564 2992 3350 3151 Szenen, was weiss ich? Dabei gegen mich von einer fast jünglinghaften
571 3091 1972 3234 Verliebtheit. Heute Abend bei ihm.
571 3230 3456 3386 10.1. Gestern im Kino "Freiwild" -Film. Hugo H. und Gerty zufäl-
578 3365 3410 3525 lig getroffen. Dem Film fehlt die Atmosphäre, aber der Sinn des Stückes
583 3506 3055 3643 kommt doch zum Ausdruck. Im Restaurant Hartmann genachtmahlt.
581 3644 3421 3757 11.1.Gestern bei A. zum Abendessen, dann in der Nachtvorstellung Josef-
584 3756 3362 3884 städt ertheater. Revue "Es liegt in der Luft" (Berlin). Hübsche Musik,
577 3898 3467 4048 schreckliche Weiber. Mit Beer-Hofmanns nachhause gefahren. Seit 3 Tagen
582 4013 1486 4166 abnorme Kälte, 14 Grad.
571 4155 3385 4303 Heute Vormittag Stadt. Besuch bei Hofrätin Z. Dann zu Tisch bei Otto-
3526 104 3644 270 191
