3702 4666
2486 472 3210 628 20.1.4 Uhr Nachm.
565 652 3304 738 Komme eben von meiner Tante nach Hause, bei der ich zu Tisch war und
569 746 3410 898 finde Deinen lieben langen Brief vom 18. aus Zürich vor. Ich will rasch
606 872 3310 1044 noch diesen vollenden, denn von 5-8 kommt Frieda und ich möchte ihn
555 1003 857 1151 noch v
922 1005 1536 1142 her abschicken.
1085 1121 3192 1263 Zum ersten Mal klingt wenigstens zum Schluss Deines
560 1260 3419 1384 Briefes etwas wie Sehnsucht durch. Ich habe es schon sehr bezweifelt-
1088 1401 3382 1517 Ich schrieb Dir heute Früh in Eile einen Kartenbrief, den
616 1536 3263 1659 Du wohl gleichzeitig erhältst, hoffe Schnupfen und Heiserzeit sind
589 1663 3402 1815 indessen ganz geschwunden und Du. hast ein paar angenehme Tage in St.M.
1086 1807 3310 1909 Ich mache allerhand Reisepläne für märz, denn ich fühle
647 1903 3330 2042 mich jetzt hier manchmal sehr eingeengt und bekommen. Ja, es ist di-
585 2053 3371 2179 rekt unterdrückte Bergnügungssucht in mir, es fehlt mir nur an Geld, um
579 2178 1557 2329 ihr nachgeben zu können.
1078 2300 3207 2459 Ich habe jetzt wirklich einige Zeit konzentriert und
556 2472 3285 2606 mit grosser Lust geschrieben, - jetzt aber möchte ich Leben, Zerstreu-
566 2575 3327 2740 ung, Sonne - eine andere Gegend - ich weiss selbst nicht was. Kurz-
566 2714 3331 2874 um in längstens 6-7 Wochen möchte ich fort. Ich möcht schon manches-
564 2833 2121 2972 mal in meinem kleinen Zimmer aushauen.
1099 2957 3306 3099 Lebwohl für heute, morgen schreibe ich wohl wieder und
582 3113 2355 3253 schicke Dir indessen einen herzlichen Kuss.
1787 3223 2046 3366 Deine
2033 3386 2244 3506 C.K.
3436 114 3599 288 120
