3742 4626
531 347 735 498 1929
526 469 783 610 16.2.
540 601 2298 780 Viele Menschen. Abend bei A., er ist nervös.
492 738 3380 877 19.2. Kino. "Loge Nr. 13" (Greta Garbo wundervoll). Melancholischer Abend
517 887 3424 993 mit A., der nervös ist. Um 11 Uhr nachhause, da A. einen Anruf der Elisa-
466 1009 3501 1158 beth Bergner wegen "Else" erwartet. Irgendetwas stimmt wieder nicht in sei-
480 1137 932 1253 nem Wesen.
519 1266 3321 1417 20.2. Na also! Die Bergner findet, dass er absolut nach Berlin kommen
517 1409 3089 1577 muss wegen der "Else" Besprechungen. Ich habe das kommen sehen.
515 1527 3513 1682 21.2. Bei Harry (endlich fieberffei), dann Stadt. Mittag Fredy. Nachmittag
463 1664 3238 1805 d iktiert. Abend mit A. bei einem blöden Stück in der Komödie, nachher
486 1767 2598 1930 "Linde". Freundliche Konversation ohne Zärtlichkeit.
487 1909 3300 2056 22.2. Kino. Dann "Linde". Fader Film "Sieben Adler", fader, ennervanter
469 2033 3360 2202 Abend. Am Nachmittag Anna bei mir. Ich liess mir viel von ihr erzählen,
482 2172 3396 2307 schwieg über mich und meine Angelegenheiten. Helfen kann einem doch nie-
497 2303 746 2420 mand.
455 2427 3358 2625 23.2. Vormittag bei Cary und Magda. Zu Fuss hinübergegangen. Noch immer
459 2555 3261 2738 einige Grad Kälte um die Mittagszeit. Gutes Gespräch mit den Kindern.
459 2709 3445 2860 Aerge mich nur, dass die liebe kleine Wohnung so verschlämpt ist. Nachmit-
470 2845 3412 2990 tag Frieda zum Diktat. Lange Gespräch über A., der mir meine Verstimmung
470 2976 3508 3102 sehr übel nimmt. Ich habe ihr meine Meinung gesagt und sie hat es schliess-
454 3108 3346 3265 lich eingesehen. Ich kann es nun einmal nicht ändern, dass es mich irri-
467 3236 3434 3390 tiert (gelinde ausgedrückt), wenn er jetzt alle 8 Wochennach Berlin fährt.
505 3359 3280 3495 Zugegeben, dass er diesmal aus rein geschäftlichen Gründen hinfahren
1139 3447 1290 3527 don
426 3498 3340 3626 muss, so ist eben eine Frau, die sei ne Frau war, auf die er Rücksicht
499 3624 3317 3794 nimmt, die er nahezu täglich sieht. Gewiss kann ich ihn an nichts hin-
446 3769 3431 3900 dern und er ist frei zu tun, was er will, aber er darf sich doch nicht wun-
440 3856 3340 4027 dern und mich durch Bösesein und Kälte dafür strafen wollen, dass er mir
410 4002 3252 4147 das nicht égal ist. Warum nimmt er mich nicht einmal mit nach Berlin?
475 4102 3260 4332 Wie gut wäre es für mich und meine Arbeit einmal herauszukommen! Wie
450 4299 3264 4496 nützlich wären mir persönliche Gespräche mit Verlegern! Aber er traut
