3730 4679
380 349 2511 584 Habe mir Dr. D. für ½ 6 in Carris Wohnung bestellt.
390 531 3527 683 28. 7. Gestern Unterredung mit Dr. D. der sehr lieb zu mir war. Wollte durcha
403 662 3485 851 aus den Namen der Frau wissen, die die Briefe geschrieben hat. Ich flehte ihn
392 820 3518 1005 an nicht in mich zu dringen, solange er A. nicht gesprochen hat, der ja heute
386 935 3455 1061 zurück kommt. Dr. D. sagte er sei überzeugt es sei die Fr. Cl. (ich zuckte)
380 1056 3525 1199 die Achseln) Sie sei ihm und seiner ganzen Familie höchst unsympatisch (seit
397 1182 3431 1321 jenem Abend nach " Comparserie" an dem ich bei den "Bachantinnen " war und
387 1330 3543 1450 er möcht ihr am liebsten eine "Watschen" herunter haun, er könne sich nur nicht
388 1457 3478 1628 denken dass eine Frau so infam, und gleichzeitig so dumme sein könne, einen
1732 1546 1931 1634 wohnt
377 1583 3502 1791 Mann der mit einer andern zusammen, so oft zu schreiben. Ich blieb dabei dass
388 1683 3547 1898 ich keinen Namen nenne, ihm aber die Beweise bringe, nachdem er A. gesprochen
377 1834 560 1961 hat.
363 1966 3411 2125 Kinder sehr sehr lieb zu mir. Abend Otto, der auch gestern bei mir war. Be-
370 2081 3452 2293 sprechung meiner finanziellen Lage. Vor allem notwendiger Verkauf eines Ring-
368 2215 3453 2366 ges damit ich auf "Erholung" gehen kann. Kein Zeitpunkt um mich zu erholen.
369 2354 3376 2522 Aber in meine Wohnung in seine Nähe will ich nicht, und hier bleiben kann
359 2465 1162 2638 ich doch auch nicht
353 2626 3553 2749 29. 7. In aller Früh Anruf A. bei meinen Kindern. Erkundigung nach meinem Berlin-
357 2757 3187 2927 den. Unterredungen A. mit Dr. D schon gestern und heute V. M. wieder.
357 2859 3490 3051 N. Mittag rief A. wieder an. Er glaubt selbst dass es besser ist wenn wir uns
361 2987 3485 3156 jetzt nicht sehen aber er kommt bestimmt zu mir nach Gastein. Ich sage dass
343 3126 1514 3271 sei völlig sinnlos geworden.
352 3256 3440 3470 Dr. D. bestellt nicht telefonisch zu sich. 2 1/8 St Unterredung. A. sei angeb-
344 3370 3472 3547 lich empört über Mistrauen und Spionage (wol berechtigt), da sein Verhalten
344 3536 3379 3682 gegen mich mich schliesslich so weit gebracht hat! ) Interesse für Cl. nur
345 3639 3544 3822 oberflächliche Freundschaft. Ich lächle und zeige die Couverts.- A. hat erklärt
342 3810 3452 3970 die Situation zwischen ihm und mir muss jetzt klaargestellt werden. Ich: sie
346 3923 3447 4059 istd doch klaar, da ich fortgegangen bin.Ich bin zu Compronissen nicht mehr
333 4050 3448 4222 zu haben die ihn und mich zu Grunde richten müssen. Dr. D. Besorgnisse wegen
319 4137 3374 4380 meiner Finanziellen Lage" Ich aage lieber hungern, als mich für eine solche
341 4300 1978 4451 Existenz bezahlen lassen. D. ist bewegt.
763 4373 3476 4542 sich im Toden verschleudert. Erhielt im Vorjahr etc.
255 4427 2056 4526 Kaolsbat für das Versatz bringen könig und 1000 Rthl
1172 4474 2796 4602 zur desselben kurzes iwas gros
