3754 4671
392 379 3482 606 Am Weg treffe Ich Fr. Dr. Reik die begeistert auf mich zufliegt und mir ei-
397 607 3508 741 nen Ober-Landesger. R. C. vorstellt, der von meinen Arbeiten begeistert ist.
392 733 3526 871 Seit dem ersten Tag hier geht mir übrigens ein ganz gut aussehender Mensch zu
384 824 2817 1031 nach. Ich bin zu müd um zu reagieren und wundere mich nur-
385 989 3551 1144 Auch Abend keine Post. Das ist wol die Reaktion nach dem Wieder sehen mit der
383 1066 2313 1266 Cl. Für solche Weiber gehört die Hundspeitsche.
385 1201 3522 1366 Der Neffe von A. ist hier mit seiner Freundin Olge D. die kaum jünger ist als
397 1342 1352 1498 ich. Auch das giebt's.
396 1458 3149 1621 4. Aug. Keine Morgenpost. Elende Nacht trotz 2 Neodorm und 2 Alonal-
375 1569 3584 1789 Keine Mittags - Post. An Ferry D. 2ten Brief geschrieben, da er mich um Nach-
392 1759 3483 1919 richten ersuchte. In Weinkrämpfen auf meinem Bett. Wohin soll ich- die ganze
376 1890 3467 2054 Welt ist mir verrammelt. Ich hätte nicht hierher so len, diese Frau abwarten
395 2021 3541 2195 ihr auflauern, ihr ins Gesicht schlagen. Gott mein Gott hilf mir, wohin glei-
390 2112 2232 2289 ich. - Wozu hat er mich in Ween angerufen? -
381 2272 3337 2407 5. Aug. Mittag kurzer Brief von A. Möchte mehr über mein Befinden wissen.
376 2398 3490 2544 Montag war Hofrätin Z. und Schinnerer bei ihm zu Tisch Dienstag Familie, Über
370 2512 3501 2687 Samstag und Sonntag schweigt er begreiflicher weise-Verlässt erst 6 ten oder
378 2675 3568 2842 7 ten Wien um Heini O. und Arnoldo zu treffen. Freundlich unaufrichtige Zeilen.
367 2782 3564 2929 Befinden elend 2. Bad., Herzklopfen, Strophantuus. Mittag mit Iranes Beate R.
374 2933 3421 3113 geschwützig nicht klug aber harmlos. Abend mit Gotthilfs. Ich rede viel um
367 3041 1050 3206 nichts zu sagen.
1478 3102 2133 3237 Ober Land. GervahtsR. G.
362 3168 3544 3362 6. Aug. Ein paar Zeilen Von 2 Lr. Gerr. v. bittet mich treffen zu dürfen. Warun
365 3314 2370 3474 nicht? Ich wundere mich nur, - so wie ich aussehe-
358 3428 3492 3587 2 Karten von A. ganz schief und unleserlich geschrieben. Er fährt Donnerstag-
367 3575 3497 3695 der Freit. nach Gmunden (H. Austria) wo Heini. O. Arn. ihn treffen. Bittet
373 3692 3436 3825 um Nachricht. Ich schicke kurzen belanglosen Brief dorthin. N. M. mit Dr Bl.
373 3779 1377 3966 und Frau. Bin etwas woler
1072 3862 1541 4015 Ob. L. Ger. R. G.
366 3957 3373 4137 7. Aug Besuch von O. Ewern. C.hier in Haus. Wetter zum Spazierengehen zu
361 4103 3488 4260 schlecht - sagte ihm ab er kam trotzdem her. Ich war sehr kühl da er mir
350 4174 3449 4387 nicht gefüllt und eine Frau hat. Passt mir nicht. Bat trotzdem mich nochmal
397 4301 2364 4514 sprech n du können. Wozu? Mir ganz uninteressant.
