2793 3358
1496 362 2192 502 Wien, 23.IX.1897.
825 617 1482 763 Lieber Arthur!
487 821 2288 940 Ich schreib Dir bloss rasch einige Zeilen um
362 940 2368 1102 Dir für die Deinen zu danken, denn zu einem wirk¬
369 1099 2284 1193 lichen unbeobachteten Brief kann ich hier nicht
375 1230 2300 1340 kommen. Ich fahre Montag für etwa vierzehn Tage
361 1353 2242 1471 nach Berlin und möchte Dich riesig gern vorher
385 1513 2330 1602 noch sprechen. Es wär sehr lieb von Dir, wenn Du
370 1619 2247 1725 mich also heut oder morgen um 2 Uhr Nachmittag
383 1743 2299 1869 oder um 10 Uhr früh telefonisch anrufen würdest
391 1860 2329 2027 (Du kannst doch zufällig gehört haben, dass ich
380 2009 2376 2122 schon in Wien bin) und da können wir eine Stunde
394 2146 2345 2249 besprechen. Da ich nun einmal Deine Freundschaft
375 2296 2396 2396 habe, so darfst Du nicht böse sein, dass ich sie
395 2381 2458 2536 oft in Anspruch nehme. Ich hab Dir vieles zu sagen,
386 2520 2507 2649 Dich manches zu bitten. Es ist auch manches Wichtige
390 2682 2065 2807 darunter, was auch Dir wichtig sein wird.
1070 2854 2272 2997 Ich grüsse Dich sehr herzlich
1936 2987 2444 3121 Deine Clara
