2794 3362
2043 283 2350 474 3.5.29.
529 469 2488 585 sten nach Cannes zu gehen, ausserhalb der Saison,
517 597 2395 720 keine Bekannten zu fürchten und sicher billige
526 742 2508 831 Preise. Und so hatte ich auch während Deines lan-
540 852 2512 978 gen Aufenthaltes in B. und in all meinen Verstim-
514 989 2559 1099 mungen und verzweifelten Stunden eine kleine Hoff-
522 1134 2510 1238 nung auf das Frühjahr gesetzt. Ich dachte,Sommer,
520 1266 2445 1386 Sonnen,Landschaft werden uns Beiden helfen, wir
523 1396 2510 1493 werden über manches Elend dieses Winters, auf des-
534 1534 2401 1623 sen Einzelheiten ich hier nicht eingehen will,
520 1674 2482 1755 wieder ganz zueinander finden - eine schöne Zeit
526 1787 2529 1871 wird kommen. Und nun ist plötzlich diese Reise
528 1924 2481 2019 an den Wörthersee da! "Belanglos" sagst Du. Kann
542 2069 2363 2147 etwas belanglos sein, was einem Andern so viel
523 2188 2450 2303 Leid bereitet? Kann etwas belanglos sein, worauf
522 2309 2439 2401 man ohne jeden zwingenden Grund besteht, trotzdem
526 2454 2642 2535 man damit einer angeblich geliebten Frau so weh tut?
522 2574 2489 2687 Es war nie belanglos und ist es heute nicht. Und
529 2709 2454 2808 wenn Du bei früheren Zusammenkünften (ich meine
535 2844 2569 2966 in früheren Jahren) mir sagtest,es geschähe um der
