3742 4662
2234 287 3375 457 Wien, 12.1.1925.Hotel Regina
2315 415 2756 523 nach Bern.
555 492 3425 678 Vielen Dank, Liebster, für Deinen Bericht aus Stuttgart. Ich habe heute
526 648 3337 767 einen sehr langen Brief und mein Manuscript nach Basel abgeschickt, wo
523 768 3449 896 Dich beides hoffentlich am 14.Früh noch antrifft. Ausser dem Weg an die
522 898 3285 1042 Post war ich den ganzen Vormittag zuhause. Carly kam zu mir arbeiten
564 1039 3319 1168 (auf der Schreibmaschine) und ich habe die aneue Novelle begonnen,
495 1179 3494 1293 bin neugierig, ob's was wird. Um 5 bin ich xxx Volkstheater und dann will
524 1286 3421 1454 ich den ganzen weiteren Nachmittag und Abend arbeiten und lesen. Morgen
518 1447 3321 1573 Nachmittag bin ich bei Enmy E., was mich ausnehmend ödet, aber Anna
533 1566 3314 1713 und Lotte M. dort sind ist es besser als ein têt-à-tête. Warum warst
560 1698 3448 1847 Du mit dem ersten Abend in Stuttgart nicht recht zufrieden? Hat er Dich
529 1850 3340 2009 ermüdet? Bitte überanstrenge Dich nur nicht - es wäre ein Verbrechen.
991 1959 1669 2119 Ich umarme Dich.
1672 2087 2368 2272 Clara Katharina.
1554 2238 1836 2348 - - — — —
3490 77 3638 303 107
