2794 3362
2492 119 2652 260 321
1962 316 2626 428 3.8.26. 16 Früh
367 507 2582 615 Guten Morgen, Liebstes! Eben erwacht. Blauer Himmel und
412 639 2567 765 Sonnenschein und es sieht heute fast so aus, als ob es
418 746 2656 892 schön bleiben wollte. Leider wieder Kopfschmerzen - ein
393 886 2615 1014 bei mir ungewöhnlicher Zustand. xxxxx ich fürchte,es
407 985 2684 1157 ist eine Kupfneuralgie. Das Wetter scheint wirklich schön
400 1165 2598 1309 zu sein, Du machst wohl heute einen langen Spaziergang.
392 1260 2643 1446 Lass mich in Gedanken bei Dir sein. Tausend Küsse Deine
1665 1444 1871 1546 C.K.
