3759 4618
580 255 795 428 1927
582 482 881 633 24.11.
576 611 3471 757 Der Abend war sogar reizend. A. fand Magda unwahrscheinlich schön, Magda
588 753 3433 892 A. hinreissend. Ich bin sehr froh. A. brachte erst Egon, dann mich nach-
568 885 826 1022 haus.
547 988 3435 1142 Abend bei Romeo, um die neue Schauspielerin anzusehen. Die Janssen käme
583 1168 3461 1292 sehr für die Leonilda in Betracht, ich habe Hartmann für Sylvester Thorn
580 1270 1183 1416 vorgeschlagen.
576 1410 3471 1548 Die Aufführung war sehr schön, hat mich sehr ergriffen. Es war überhaupt
587 1544 3027 1687 ein guter Abend. Aber A.'s Abreise naht mit Riesenschritten.
581 1676 3502 1832 26.11. Sehr schöner Abend bei A. Es ist, als ob dieser Abschied uns ein-
578 1800 1703 1949 ander näher brächte als je.
579 1927 3511 2091 27.11. Schöner Soaziergang mit A. im Prater. Für Nachmittag Gisela abge-
573 2066 3436 2213 sagt, um arbeiten zu können. Viele Notizen für die "Corday" gemacht. Ob
576 2172 2137 2336 ich diese Arbeit je bewältigen werde -
598 2303 3548 2419 28.11. A. Vorm. bei mir Abschied nehmen. Lächelnde Kontroverse wegen O.,
609 2445 3395 2552 hinter der doch mehr als ein Lächeln lag. Dabei grosse Zärtlichkeit.
616 2569 3439 2725 Um 1/4 5 A. noch einmal telefonisch gesprochen, dann sehr intensiv an
616 2693 3530 2817 "Corday" gearbeitet. Um 9 Uhr gebadet, im Bett noch Frank Harris gelesen.
612 2825 3471 2978 29.11. Böse Träume, trübseliges Erwachen und doch halte ich diese kurze
606 2937 1343 3105 Trennung für gut.
617 3092 3349 3238 30.11. Anruf A.'s aus Berlin, sehr lieb und herzlich. Gehetzte Tage,
607 3237 2336 3354 Besorgungen, Besuche, kommt kaum zur Arbeit.
610 3354 3422 3481 3.12. Heute Nacht Anruf der Presse, ob ich mich an dem Preisausschrei-
615 3481 3256 3623 ben des Volkstheaters beteiligt habe. Wusste im ersten Augenblick
604 3595 3459 3734 nicht, was sie meinen. Dann fiel mir ein, dass ich in Februar ein Stück
994 3685 1081 3773 nais
606 3764 3418 3909 eingereicht. Ich sagte: "Ja, warum?" - "Weil Sie einen Preis haben!“ Ich
606 3865 3457 3997 war weg vor Freude, konnte nicht mehr einschlafen. Inder Früh schon die
602 4028 3457 4161 Mitteilung in der Zeitung, telegraphierte A. Mittag bei Bloch geladen,
614 4109 1686 4299 allgemeines Angratulieren.
601 4273 3358 4464 4.12. Anruf A. in aller Früh. Er freut sich auch sehr. Hin etwas er-
3581 107 3668 235 69
