3730 4666
1927 320 3110 477 Wien, 22.7.1923. (nach Weimar)
632 448 3450 622 Liebe, Schöne. Das Benehmen von Harry finde ich zwar wirklich unglaub-
648 652 3492 810 lich - aber im Ganzen glaube ich ist es doch besser so und das Allein-
639 782 3457 903 sein wird für Deine Nerven besser sein als seine Gesellchaft, die sich
580 915 3362 1052 Dir so wenig anzupassenweiss. Und dass Du von Heringsdorf fort bist,
603 1054 3403 1145 ist auch gut und dass Du nach Weimar gefahren bist, das Beste (wie ich
570 1195 3083 1305 aus Deinem nächsten Brief mit Gewissheit zu entnehmen hoffe).
1023 1332 3478 1439 Also sofort nach Empfang Deines Briefes vom 20. mit der Ohn-
581 1457 3266 1613 macht bei F. habe ich an die Kobenzldirektion telefoniert, - und die
583 1569 3301 1684 Auskunft erhalten, dass, wenn zwei Tage vorher telegraphisch bestellt
591 1703 3474 1856 wird, jedenfalls ein gutes Zimmer zu haben wäre. Aber - so froh ich wären,
622 1826 3324 1967 Dich so bald wiederzusehen (und nicht nur zu sehen) und so bequem
591 1966 3391 2109 mir dieses Arrangement wäre, ich finde wegen 8 Tagen Wiener Aufenthalt
589 2099 3500 2235 sind es der Reiseetappen zu viel. Nur wenn Du die Absicht hättest länger
600 2221 3459 2382 hier zu bleiben, wäre es für Dich, die Hieherreise wert. Und so schiene
568 2372 3379 2502 mir in Deinem Interesse Bodensee oder Schwarzwald vorzuziehen. Die Be-
589 2477 3429 2627 denken speziell wegen Baden-Baden hast Du neulich geäussert - aber sie
573 2599 3409 2732 fallen gegenüber den Vorteilen nicht erheblich ijs Gewicht. Ich bleibe
566 2732 3414 2894 jedesfalls noch circa 14 Tage hier, hauptsächlich wegen der Filmsache; -
1212 2817 1443 2913 nüho
561 2876 3416 2995 überdies tut die Reise in meinem Hause und das Alleinsein (das ich al-
600 2988 3321 3126 lerdings nur durch Dich gestört wünschte) meiner Arbeit entschieden
566 3138 3417 3254 gut. Ich kann nicht leugnen, dass ich diese bisher zehntägige Trennung
565 3282 3358 3412 noch lebhafter empfinde, als ich gedacht und gefürchtet.- Am 5. (unge-
567 3393 3281 3549 fähr) fahr ich nach Bade-Baden, resp. nach Hundseck oder Bühlerhöhe
550 3530 3286 3675 und was vom 15. an geschieht hängt nun auch ein wenig von Deinen
543 3638 3433 3830 Plänen ab. Friedrichshafen bleibt nach wie vor das Wahrscheinlichste; -
552 3786 3312 3939 von dort aus ist auch der Einbruch in die Schweiz am einfachsten und
543 3890 1047 4022 raschesten.
1175 3927 1317 4076 dies
576 4034 3316 4224 Bitte, Liebste xxx den Brief genau wie er geschrieben ist und nichte
540 4167 3423 4346 Dich in allen Deinen Entscheidungen völlig nach Deiner Bequemlichkeit.
753 4315 3269 4465 - Heut an einem schönen ruhigen Sonntag hab ich den ganzen Tag
3479 82 3579 230 33
