3742 4674
2052 245 3334 405 Baden-Baden, Waldparksanatorium,
2141 385 2586 493 30.7.1923.
577 571 3295 705 Liebster Freund. Ich eile Deine Zeilen wunschgemäss rasch zu beant-
591 684 3246 834 worten, damit sie Dich sicher vor Deiner Abreise erreichen und lege
589 830 3232 976 eine Karte bei, die ich eben aus Feldberg erhielt. Ich dürfte noch
572 961 3339 1065 Näheres über F. durch eine Tochter des Dr. Heinzheimer hören, die in de
593 1103 3286 1213 allernächsten Tagen von dort zurückkommt. Wenn Du bei der Feldberg-
586 1203 3354 1332 Idee bleibst, so könnte man die Woche vorher, bis Zimmer dort zu haben
597 1322 3393 1478 sind, in einer Zwischenstation verbringen. Mir wurde von Dr. H. Freuden-
590 1475 3386 1585 stadt sehr empfohlen. Soll 700 Meter hoch sein, sehr gute Hotels haben
582 1639 3357 1746 und ist von hier mit Auto erreichbar. Es ist kein Umweg, wenn man dann
596 1732 3400 1863 auf den Feldberg will. Mein Visum in die Schweiz besorge ich mir auch
588 1846 3313 1984 auf alle Fälle. Ich bleibe jedenfalls nach Deiner Ankunft in Baden-
576 2004 3198 2137 Baden noch 2-3 Tage, ev. auch länger und gehe dann direkt an eine
575 2120 3154 2252 Ort, wohin Du mir folgst. Ob wir dann im selben Hotel bleiben, wie
582 2258 3385 2368 lange u. s.w.u.s.w., alle diese Details besprechen wir besser mündlich.
585 2369 3345 2507 Ich möchte nur nicht allzu oft den Aufenthalt wechseln, weil das ent-
626 2538 3386 2663 schieden jede Erholung beeinträchtigt, und ich eine solche sehr nötig
573 2645 836 2763 habe.
975 2766 3316 2918 Ich war heute Vormittag unten in der Stadt - es ist leer,
568 2920 3222 3027 keine Saison und unbeschreiblich teuer. Dabei sind die guten Ge-
599 3057 3192 3185 schäfte gar nicht offen und die andern fast ausverkauft. Ich be-
593 3173 3285 3315 dauere schrecklich, dass ich mir in Wien nicht alles kaufte, was ich
590 3304 3400 3407 für den Sommer gerne wollte. Ein hässliches gestricktes Kostüm kostet
586 3418 3460 3581 jetzt hier 20 Millionen. Dass keine "Saison" ist kränkt mich gar nicht,
580 3564 3280 3700 denn ich will mich möglichst wenig von hier oben fort rühren, wo es
588 3685 3352 3844 wunderbar schön und still ist. Es sind nur wenige und farblose Gäste
580 3806 3340 3920 hier bis auf zwei liebe junge Mädeln aus Brasilien, dieich vom Semme-
578 3957 3378 4083 ring her kenne. Sie haben viel mit Carly getanzt und uns auch in Wien
583 4109 3400 4192 besucht. Sie gehen übrigens schon Mittwoch fort.- Ich denke mir, dass
573 4221 3259 4349 Du Freitag Wien verlassen wirst (wenn nicht schon Donnerstag), denn
3474 110 3553 274 44
