3787 4667
590 277 1237 432 Tgb. 17.8.1929.
562 486 3457 602 sitzen lassen und Lola heiraten kann. Es ist zun Irrsinnigwerden. Er er-
595 629 3399 753 klärt, ich zwinge ihn Mädi zu heiraten dadurch, dass ich sage,ich zahle
592 735 3364 844 nur die Schuld, wenn er dann ein Anderer wird und nicht wenn es darum
594 858 3435 1006 geht ein Frauenzimmer wie die Lola zu heiraten. Habe Otto einen Anhang
596 1001 1919 1132 zu meinem Testament geschrieben.
587 1127 3316 1253 Heute Mittag bei A. Brief von 9. ist gekommen, sie möchte ihn sehen.
598 1260 3435 1383 Er will eventuell auf der Rückfahrt von der Schweiz zu ihr nach Meran.
589 1391 3436 1516 Da soll ich mich auf die Reise freuen! Ich versuchte ihm das plausibel
599 1508 3407 1690 zu machen, aber ich stiess sofort auf Unverständnis und masslose Aufre-
593 1667 847 1805 gung.
1595 1721 1688 1822 c.
589 1757 3429 1924 Nach einiger Ueberlegung xxx verständigt, dass ich im Okotber die 350
595 1918 3443 2034 S. für Herry zahle, wenn er sich entlobt, um ihn zu dieser Heirat nicht
583 2072 3319 2221 zu zwingen, wie er sich ausdrückt. Aber dass ich mit ihm fertig bin.
583 2152 3492 2394 18.8. Reisevorbereitungen. Einpacken ohne jede Lust. Gestern Nachm.Anna
593 2374 962 2495 bei mir.
590 2500 3448 2612 Soll heute gegen 9 Uhr zu A. Fürchte mich beinahe. Nur keine Auseinan-
591 2607 3352 2755 dersetzungen. Wozu? Er soll tun, was ihm angenehm ist und ihm richtig
600 2765 3434 2902 scheint und sich nicht wundern, dass ich nich strahlend aufgelegt bin.
579 2949 3348 3112 19.8. Natürlich Aussprache oder richtiger Szene durch A. provoziert.
582 3094 3304 3212 Die Meraner Reise oder richtiger meine Einstellung muss vor unserer
589 3220 3393 3332 Abreise von hier klar sein. Ich antwortete, es sei ganz klar und kein
592 3317 3451 3488 Grund darüber zu reden. Er soll tun, was er will und sich nur nicht wun-
597 3471 3513 3586 dern, wenn meine Stimmung nicht die beste ist. Sie werde sich ja hoffent-
592 3611 3433 3751 lich in ein paar Tagen bessern und ich wieder Herr meiner Nerven sein.
598 3730 3370 3879 Das genügte ihm nicht; ich muss verstehen, dass er zur 0. fährt,dass
588 3870 3512 4026 er den Geburtstag seines Kindes mit ihr verbringen will. Ich sei schwach-
600 4012 3444 4106 sinnig, vertrottelt etc. Wirft sich auf den Divan. Schliesslich schreie
584 4134 3335 4275 ich: "Ja, ja, ich verstehenich begreife, du musst zur Olga,ich vorstehe
3565 118 3656 276 255
