3690 4703
607 244 1500 420 An A.S., München.
2360 292 2940 430 Salzburg 20.6.1925.
602 470 1009 620 Liebster,
968 608 3329 766 ich schrieb Dir heute Früh noch poste restante nach Baden-
599 747 3326 867 Baden und schickte Dir Nachmittag ein Telegramm in die Herchenbach¬
586 867 3283 1006 strasse 26. Da der Name der Strasse kaum zu entziffern war, fürchte
612 1009 3363 1160 ich, dass er Dich vielleicht nicht erreicht und schreibe zur Vorsicht
604 1148 1737 1265 diese Zeilen nach München.
1006 1262 3281 1394 Ich fahre also Dienstag 6 Uhr 35 hier fort, gebe mein Ge¬
605 1407 3226 1545 päck nach Meran auf und erwarte Dich in Innsbruck, wo ich, wie Du
607 1548 3249 1677 schreibst, in Dein Coupé einsteige. Ich schrieb eben an Carry nach
597 1672 2605 1768 Wien als meine nächste Adresse Meran, Hotel Savoy.
1038 1816 3248 1951 Ich fühle mich am Nachmittag physisch etwas wohler, war
588 1928 3342 2045 lange im Mirabellgarten, den ich sehr liebe, der Himmel hat sich auf¬
596 2072 3230 2185 gehellt, es ist schön und kühl. Hoffe morgen noch auf Nachricht von
582 2186 3361 2336 Dir. Ich hoffe auch, Du hast dort angenehme Tage verbracht und fährst
565 2328 1554 2449 in guter Stimmung fort.
1136 2415 2939 2591 Auf Wiedersehen und eine herzliche Umarmung.
1611 2582 1870 2730 Deine
1812 2706 2023 2849 C.K.
