3823 4783
1908 264 3236 408 Weimar,Hotel Erbprinz,23.7.1923.
693 503 1220 642 Mein Freund.
1174 629 3281 806 Eben Montag Früh kommt Dein lieber Expressbrief vom
668 770 3404 929 21., das erste Lebenszeichen seit meiner Abreise und wenige Minuten
662 910 3480 1089 später Deine Zeilen vom 18., die mir mit der übrigen Post von Härings-
661 1052 1750 1198 dorf nachgeschickt wurden.
676 1192 3430 1331 Ichentnehme Deinen Mitteilungen, dass Du jedenfalls zwischen dem 6.
709 1323 3428 1440 und 7. August nach Deutschland kommst und somit hat meine Reise nach
663 1440 3523 1574 Oesterreich im Zusammenhang mit Dir keinen Sinn. Ich hätte es nur dann
704 1571 3546 1744 in Betracht gezogen, wenn Du länger in Wien geblieben und direkt in die
663 1705 3407 1863 Schweiz gewollt hättest. So aber ist es am besten, ich bleibe bis 28.
653 1836 3378 1989 Früh hier, fahre nach Baden-Baden und bleibe 8-10 Tage im Waldpark-
664 1964 3371 2134 sanatorium Heinzheimers. Vielleicht können wir uns dort oder in der
702 2092 3498 2239 Umgebung eine Stunde sprechen, ehe Du Deinen Sohn triffst. So lange Du
654 2220 3370 2384 mit ihm bist werde ich jedesfalls ganz ferne bleiben und mir genügt
648 2352 3448 2510 das Bewusstsein, dass Du in der Nähe seinwirst und irgendwie rasch te-
653 2476 3456 2625 lefonisch oder brieflich erreichbar. Die Idee mit Felberg im Schwarz-
663 2639 3477 2770 wald lockt mich sehr und ich will mich nachher gleich im Reisebureau
655 2776 3377 2897 erkundigen, ob ich besser von hier oder Bade-Baden hin gelange, um es
652 2893 3335 3040 mir anzusehen. Ich muss jedeffalls nach Baden-Baden, da ich mir von
650 2995 3414 3130 dort aus die Ausreisebewilligung der Czechoslowakei (ich bin ja Cze-
656 3126 3407 3309 chin), in die Schweiz und die Einreisebewilligung in die Schweiz ver-
655 3280 3402 3398 schaffen muss und Geld hin dirigieren werde, das mich hier nicht mehr
654 3398 3380 3585 erreicht. Von Baden-Baden aus möchte ich dann nach Feldberg oder an
653 3535 3414 3648 den Bodensee und Dich da oder dort erwarten, wenn Du Deinen Sohn ver-
646 3678 3333 3833 lässt und dann - möchte ich zeitweise mit Dir zusammen -zeitweisen
650 3780 1681 3911 in greifbarer Nähe sein.
641 3910 3454 4032 Ich habe nirgends so gut wie hier verstanden, dass Du viel allein sein
639 4062 3481 4185 musst. Mir ist hier überhaupt vieles klar geworden. Hauptsache ist, dass
641 4188 3444 4348 ich wissen und fühlen muss, ob mein Vorhandensein in Deinem Sommerplan
640 4301 3352 4481 Dir Wunsch und Bedürfnis ist, wenn nicht - dann verschwinde ich für
3530 141 3665 285 35
