3783 4723
2167 203 2889 360 Berlin, 25.3.1929.
2150 349 2684 483 Gegen Abend.
576 474 3425 622 Mein Liebes, ich teile Dir nur eiligst mit, dass die Sache mit Fräulein
578 608 3286 753 Else eben perfekt geworden ist, nach einer längeren Verhandlung mit
587 737 3326 861 Elisabeth und Dr.Klein, der also in der Konkurrenz der drei Theater-
638 891 3332 1015 direktoren (Reinhardt, Barnowsky, Klein) Sieger blieb. Leicht war es
606 1019 3416 1140 wahrhaftig nicht. Als ich endlich nach ungefähr 4 stündiger Diskussion
575 1133 3322 1279 die Angelegenheit für positiv erledigt hielt und mich entfernen
650 1264 3435 1394 wollte (der Abschluss fand in der Hall des Esplanadehotels mit Musik-
627 1355 3296 1530 begleitung statt) -sagte Klein: Bitte bleiben Sie noch, sonst unter-
611 1537 3439 1663 schreibt sie am Ende doch nicht, worauf die Unterschrift erfolgte. Mei-
587 1615 661 1714 n
626 1635 2524 1795 nen Vertrag erhalte ich morgen. Termin Oktober.
615 1773 3337 1916 Vormittag hatte ich etwa zwei Stunden mit S.Fischer zu thun; - wahr-
635 1933 3212 2073 scheinlich kommt auch das - mit Dunin (Weg in Freie) zustande.
600 2043 3407 2192 Morgen soll auch noch die Filmsache Cazanovas Heimfahrt weitergeführt
598 2193 3341 2282 werden.-ohne Festlegung auf Conrad Veidt. Auch eine Tonfilmanfrage
625 2293 1400 2437 steht am Horizonnt.
583 2439 3446 2585 Jedenfalls bleibt es dabei, dass ich Mittwoch Abend Berlin verlasse und
591 2550 2648 2692 hoffentlich Donnerstag Früh (10 Uhr) in Wien bin.
588 2687 3426 2809 Ob Krein das absolut Richtige ist weiss ich nicht - richtig ist jeden-
557 2813 1993 2952 falls, dass ich abgeschlossen habe.
587 2902 3348 3099 Ich umarme Dich von ganzem Herzen und erhoffe und erwünsche mir gute
584 3058 1609 3223 Tage in Wien und bei Dir!
1575 3193 1902 3335 Dein A.
1664 3418 1898 3516 - - - —
1742 3602 3227 3829 Die Aufführung der Els hat nie
1747 3752 3243 3931 Stabgefunden, was grüden grossen
1717 3857 2816 4073 mankungen t’egetoite
3532 105 3681 299 225
