3673 4687
461 455 3432 658 Nachher mit Herr und Frau Dr Kapper, die auch im Theater waren bei Meisel
470 615 3544 780 und Schaden "genachtmahlt. Recht gemütlich und A. nachdem er etwas gegessen
474 779 3464 918 hatte wieder in besserer Verfassung und gesprächig nachden er sich im The¬
463 914 3507 1041 ater wieder elend gefühlt und sehr geklagt hatte. Ich versteh Dr. D. nicht.
468 1025 3543 1152 Mich meidet er. Was für ein schlechtes Gewissen muss er mir gegenüber haben.
658 1137 3312 1284 A. Liess sich von Dr Kapper den Puls fühlen. Ich flüsterte ihm zu
480 1304 3447 1454 (nämlich Dr. K) "nichts sagen " Später animirte conversation. A sagte:
483 1410 3550 1561 Das Leben ist doch schön und interessant - ich möchte um der schönen Stunden
473 1584 3559 1690 willen gleich noch einmal Leben. Dr K. nahm einen ähnlichen Standpunkt ein.
486 1701 2632 1829 Wir Frauen meinten, wir hätten mit einem Mal genug-
479 1759 3553 1970 Heimfahrt still aber nicht unfreundlich. A. sagte, er habe mich heute Vor-
476 1963 2823 2083 mittag in der Stadt gesucht, sei über den Graben gegangen.
486 2071 3595 2202 Heute rief A. mich schon um gö an. Er hat sich in der Nacht nicht wol gefühlt
480 2192 2799 2339 Üblichkeiten. Ich riet ihm Vormittag zu Hause zu bleiben.
476 2319 1466 2493 22ten Oktober - Vorbei--
481 2469 730 2601 23ten
476 2595 3590 2695 Am 21ten Okt. gegen 12 rief Frieda mich hinüber - sie hat ihn als sie zum Dik-
485 2738 3509 2830 tat kam am Boden seines Zimmers gefunden. Er soll ganz kurze Zeit fortge-
496 2862 3513 2996 wesen sein (Minna glaubt nur an der Post oder beim Postkasten und ist sehr
488 2987 3528 3103 heiter heimgekommen. - Aderlass tiefe Bewustlosigkeit. Ich hielt seinen Kopf
490 3099 2444 3254 in meinen Händen bis zu seinem letzten Athemzug.
554 3228 3451 3375 Jetzt bin ich heingekehrt. Die Nacht nach seinem Tod durfte ich bei ihm
483 3372 3446 3507 bleiben. Gestern zwischen Bund 7 war es vorbei. Und das Lebån soll weiter
490 3501 870 3642 gehen - -
489 3646 3483 3765 23ten. Heute wurde er begraben. - Ich stand an seinen Sarg in seinem Zimmer
489 3762 2739 3916 bis man ihn forttrug. Die Kinder fuhren mit mir hinaus-
482 3870 3522 4001 Die O. und Heini seit gestern hier. O. und ich reichten einander an seiner
481 4002 3551 4147 Leiche die Hand. Sie ist geschminkt thränenlos komödiantisch. Heini fiel mir
500 4144 1002 4289 um den Hals.
485 4275 3607 4442 als ich getern drünen fortgieng kam Frau Cl. Grau im Gesicht starrte sie mich
