3686 4706
3362 139 3532 291 315
2661 236 2994 433 1.8.26.
535 476 3478 649 dass Du eventuell einen Romau für sie hättest, so wird man Dir sofort den
534 611 3346 752 Platz freihalten, und jede andere Zeitung auch. Ich begreife sehr wohl,
549 732 3430 901 dass Du nicht plötzlich in einer anderen Art oder in einem anderen Tem-
542 903 3317 1042 po arbeiten kannst bisher. Aber hier handelt es sich doch nur um
546 1009 3467 1131 die Fertigstellung zweier ohnedies fertiges Arbeiten. Die paar Seiten No-
551 1147 3465 1293 velle, die Du noch zu schreiben hast, können doch nun, wenn Dir der Schluss
533 1274 3396 1388 klar ist, nur nach Tagen zählen. Auch Deinen Ausspruch, ich warte, so lange
547 1432 3436 1549 ich warten kann, halte ich nicht für ganz richtig. Lieber ein paar kleine
541 1554 3356 1671 vorübergehende Konzessionen, um sich sorgenfrei zu machen und dann die
541 1674 3495 1795 Zugel wieder straffer spannen. Es ist nötig, dass Du Dich sorgenlos fühlst.
531 1799 3270 1943 Wenn ich etwas Dummes sage (ich glaube aber nicht), so nimm es bitte
542 1943 3339 2074 nicht übel, denn ich meine es jedesfalls sehr gut. Heute schaut wieder
536 2065 3341 2216 ein grauer Himmel zum Fenster herein, ich bin schon ganz trübsinnig. In
538 2214 3338 2371 der Nacht habe ich wieder viel und wirres Zeug von Dir geträumt.Unter
546 2328 3427 2474 anderm von einem Schneider (offenbar der Schlafwagen-Schneider), der mit
562 2482 3406 2622 einem Rock von Dir auf dem Arm zu mir kan und mir sagte, er sei den Leu-
550 2577 3373 2733 ten auf der Spur, die so hässlich über Dich in den Zeitungen schreiben.
529 2716 3495 2878 Ein Mann sei bei ihm gewesen und als er Deinen Rock hängen sah um
535 2874 3377 3018 er auf den Rock losgesenimpft, als wenn Du sehost es wärst. Ich frug inn
544 2988 3374 3122 um den Namen des Mannes und er nannte einen, der russisch klang und den
536 3123 3256 3239 ich nicht recht verstand. Du siehst, dass Du immer in meinen Gedanken
530 3230 3247 3373 bist. Nun, lebwohl, Liesbtes, schreibe oft und gut und sei innig umarmt
522 3358 1435 3540 und geküsst von Deiner
1484 3427 1687 3568 C.K.
525 3574 3400 3705 Ich will vor meiner Abreise einmal einen Sprung zu Dir hinaus, um zu sehe
516 3699 2898 3813 wie die Arbeit dort steht und Dir darüber genau berichten.
