<?xml version="1.0" encoding="UTF-8" standalone="yes"?>
<PcGts xmlns="http://schema.primaresearch.org/PAGE/gts/pagecontent/2013-07-15" xmlns:xsi="http://www.w3.org/2001/XMLSchema-instance" xsi:schemaLocation="http://schema.primaresearch.org/PAGE/gts/pagecontent/2013-07-15 http://schema.primaresearch.org/PAGE/gts/pagecontent/2013-07-15/pagecontent.xsd">
    <Metadata>
        <Creator>prov=READ-COOP:name=TrHtr:version=0.0.6:model_id=44522:date=25_11_2022_11:52</Creator>
        <Created>2022-11-17T16:35:49.012+01:00</Created>
        <LastChange>2022-11-25T11:52:55.653Z</LastChange>
        <TranskribusMetadata docId="1233893" pageId="50263756" pageNr="594" tsid="105032579" status="IN_PROGRESS" userId="40391" imgUrl="https://files.transkribus.eu/Get?id=ITOXHYFAHTVWJUVQDFTAIABA&amp;fileType=view" xmlUrl="https://files.transkribus.eu/Get?id=NVLYTEHQBOOZHPRSWENRKVNR" imageId="41050744"/>
    </Metadata>
    <Page imageFilename="HIN-155550_0594.tif" imageWidth="3770" imageHeight="4630">
        <ReadingOrder>
            <OrderedGroup id="ro_1669749963000" caption="Regions reading order">
                <RegionRefIndexed index="0" regionRef="r1"/>
            </OrderedGroup>
        </ReadingOrder>
        <TextRegion id="r1" custom="readingOrder {index:0;}">
            <Coords points="660,380 660,4226 3596,4226 3596,380"/>
            <TextLine id="r1l1" custom="readingOrder {index:0;}">
                <Coords points="658,488 683,480 694,491 709,477 734,484 756,469 811,488 836,480 855,498 888,502 887,331 843,338 822,323 745,371 712,345 687,356 657,345"/>
                <Baseline points="677,447 704,447 731,446 759,446 786,444 814,444 841,446 869,450"/>
                <TextEquiv>
                    <Unicode>1928</Unicode>
                </TextEquiv>
            </TextLine>
            <TextLine id="r1l2" custom="readingOrder {index:1;}">
                <Coords points="671,657 3258,682 3312,525 670,559"/>
                <Baseline points="690,645 820,645 950,645 1080,645 1210,644 1341,644 1471,644 1601,642 1731,642 1861,642 1992,641 2122,641 2252,639 2382,639 2512,638 2642,638 2773,636 2903,636 3033,635 3163,635 3294,635"/>
                <TextEquiv>
                    <Unicode>nicht ein und aus. Das Mädchen (Emma) hat mir in der unverschäm-</Unicode>
                </TextEquiv>
            </TextLine>
            <TextLine id="r1l3" custom="readingOrder {index:2;}">
                <Coords points="670,812 3279,832 3235,661 1582,743 670,658"/>
                <Baseline points="687,774 815,774 944,774 1072,774 1201,774 1330,774 1458,774 1587,774 1716,773 1844,773 1973,771 2102,771 2230,771 2359,770 2488,770 2616,768 2745,768 2874,768 3002,768 3131,768 3260,767"/>
                <TextEquiv>
                    <Unicode>testen Weise gekündigt. Ende des Monats ziehen Spieglers aus und</Unicode>
                </TextEquiv>
            </TextLine>
            <TextLine id="r1l4" custom="readingOrder {index:3;}">
                <Coords points="674,961 3400,928 3399,830 2929,791 674,848"/>
                <Baseline points="693,906 827,906 961,906 1096,906 1230,906 1365,906 1499,906 1633,905 1768,905 1902,905 2037,903 2171,903 2305,903 2440,902 2574,902 2709,902 2843,901 2977,900 3112,900 3246,900 3381,900"/>
                <TextEquiv>
                    <Unicode>ich suche keinen Ersatz. A. schimpft immer über diese Wohnung (und</Unicode>
                </TextEquiv>
            </TextLine>
            <TextLine id="r1l5" custom="readingOrder {index:4;}">
                <Coords points="709,1062 3362,1083 3325,967 3040,942 709,978"/>
                <Baseline points="726,1041 856,1041 987,1041 1118,1041 1249,1041 1380,1041 1510,1040 1641,1040 1772,1040 1903,1038 2034,1038 2164,1037 2295,1037 2426,1035 2557,1035 2688,1034 2818,1034 2949,1032 3080,1032 3211,1031 3342,1031"/>
                <TextEquiv>
                    <Unicode>darüber, dass ich vermiete), rät zu tauschen oder zu verkaufen, ver-</Unicode>
                </TextEquiv>
            </TextLine>
            <TextLine id="r1l6" custom="readingOrder {index:5;}">
                <Coords points="659,1225 3315,1227 3516,1198 3516,1085 659,1101"/>
                <Baseline points="678,1170 819,1172 960,1172 1101,1172 1242,1172 1383,1172 1524,1172 1665,1172 1806,1170 1947,1170 2088,1170 2229,1169 2370,1169 2511,1169 2652,1169 2793,1167 2934,1167 3075,1167 3216,1169 3357,1169 3498,1169"/>
                <TextEquiv>
                    <Unicode>meidet aber jedes Wort, das mir wirklich helfen könnte. Ich weiss nicht,</Unicode>
                </TextEquiv>
            </TextLine>
            <TextLine id="r1l7" custom="readingOrder {index:6;}">
                <Coords points="680,1324 1957,1341 2030,1323 2030,1210 1238,1251 680,1218"/>
                <Baseline points="698,1301 763,1301 829,1302 894,1302 960,1302 1026,1302 1091,1302 1157,1302 1222,1302 1288,1302 1354,1302 1419,1301 1485,1301 1550,1301 1616,1301 1681,1301 1747,1301 1813,1301 1878,1301 1944,1301 2010,1301"/>
                <TextEquiv>
                    <Unicode>wozu ich mich entschliessen soll.</Unicode>
                </TextEquiv>
            </TextLine>
            <TextLine id="r1l8" custom="readingOrder {index:7;}">
                <Coords points="663,1469 776,1433 1196,1512 1396,1439 2371,1452 2334,1295 1637,1380 663,1356"/>
                <Baseline points="680,1434 763,1434 847,1433 931,1433 1014,1433 1098,1433 1182,1433 1265,1433 1349,1433 1433,1433 1517,1433 1600,1433 1684,1433 1768,1433 1851,1432 1935,1431 2019,1431 2102,1431 2186,1431 2270,1431 2354,1431"/>
                <TextEquiv>
                    <Unicode>A. will mir immer Geld aufdrängen. O nein!</Unicode>
                </TextEquiv>
            </TextLine>
            <TextLine id="r1l9" custom="readingOrder {index:8;}">
                <Coords points="670,1597 3403,1612 3402,1525 3078,1471 669,1506"/>
                <Baseline points="687,1565 821,1565 956,1565 1091,1565 1226,1565 1361,1563 1496,1563 1630,1563 1765,1563 1900,1563 2035,1563 2170,1563 2305,1563 2440,1563 2574,1563 2709,1563 2844,1562 2979,1562 3114,1562 3249,1562 3384,1562"/>
                <TextEquiv>
                    <Unicode>Henry ist von Skoda-Wetzler gekündigt worden. Sparmassnanmen, Abbau.</Unicode>
                </TextEquiv>
            </TextLine>
            <TextLine id="r1l10" custom="readingOrder {index:9;}">
                <Coords points="657,1750 720,1718 858,1729 891,1700 946,1726 990,1700 1026,1730 1114,1730 1139,1752 1278,1694 1278,1661 1172,1625 1139,1643 1056,1620 931,1649 855,1587 764,1623 658,1597"/>
                <Baseline points="675,1694 704,1694 733,1692 762,1692 792,1692 821,1692 850,1692 879,1692 909,1692 938,1692 967,1692 996,1692 1026,1692 1055,1692 1084,1692 1113,1694 1143,1694 1172,1694 1201,1695 1230,1695 1260,1695"/>
                <TextEquiv>
                    <Unicode>Auch das noch.</Unicode>
                </TextEquiv>
            </TextLine>
            <TextLine id="r1l11" custom="readingOrder {index:10;}">
                <Coords points="667,1857 3199,1869 3363,1862 3364,1775 667,1759"/>
                <Baseline points="684,1821 817,1823 950,1823 1083,1823 1216,1823 1349,1823 1482,1821 1615,1821 1748,1821 1881,1821 2014,1820 2147,1820 2280,1820 2413,1820 2546,1820 2679,1821 2812,1821 2945,1823 3078,1824 3211,1826 3344,1827"/>
                <TextEquiv>
                    <Unicode>Abend mit A. Konversation. Nachtmahl in der Heumühle. Ich fühls, es</Unicode>
                </TextEquiv>
            </TextLine>
            <TextLine id="r1l12" custom="readingOrder {index:11;}">
                <Coords points="646,1982 3361,2001 3281,1855 647,1898"/>
                <Baseline points="665,1955 798,1953 932,1953 1066,1952 1200,1952 1334,1952 1468,1952 1601,1952 1735,1952 1869,1952 2003,1953 2137,1953 2271,1953 2405,1953 2538,1955 2672,1955 2806,1955 2940,1956 3074,1956 3208,1956 3342,1956"/>
                <TextEquiv>
                    <Unicode>geht etwas vor.Offenbar Briefe und Rufe aus Berlin. Sonntag war er</Unicode>
                </TextEquiv>
            </TextLine>
            <TextLine id="r1l13" custom="readingOrder {index:12;}">
                <Coords points="641,2121 3447,2135 3447,2025 3163,1966 2838,2053 641,2026"/>
                <Baseline points="660,2082 798,2081 936,2081 1075,2082 1213,2082 1352,2082 1490,2082 1628,2082 1767,2084 1905,2084 2044,2085 2182,2085 2320,2085 2459,2085 2597,2087 2736,2087 2874,2087 3012,2087 3151,2085 3289,2085 3428,2085"/>
                <TextEquiv>
                    <Unicode>bei früheren Bekannten, Schniedls. Montag Abend Frau S. (die Freundin</Unicode>
                </TextEquiv>
            </TextLine>
            <TextLine id="r1l14" custom="readingOrder {index:13;}">
                <Coords points="664,2241 2718,2274 3284,2235 3320,2122 664,2154"/>
                <Baseline points="681,2213 812,2213 943,2213 1074,2214 1205,2214 1336,2214 1467,2214 1598,2214 1729,2214 1860,2214 1991,2215 2122,2216 2253,2216 2384,2216 2515,2216 2646,2216 2777,2216 2908,2217 3039,2217 3170,2217 3302,2217"/>
                <TextEquiv>
                    <Unicode>undAntiquitätenkollegin der 0.) mit ihrem Freund B. bei ihm. Ich</Unicode>
                </TextEquiv>
            </TextLine>
            <TextLine id="r1l15" custom="readingOrder {index:14;}">
                <Coords points="679,2358 3393,2373 3393,2300 3036,2263 679,2278"/>
                <Baseline points="696,2342 829,2343 963,2345 1097,2345 1231,2345 1365,2346 1499,2346 1633,2346 1767,2346 1901,2346 2035,2346 2168,2346 2302,2346 2436,2346 2570,2346 2704,2346 2838,2347 2972,2348 3106,2348 3240,2348 3374,2349"/>
                <TextEquiv>
                    <Unicode>Abend bei Frieda. Sie erzählte mir, Prof.Hajek habe in Aussee zu ihr</Unicode>
                </TextEquiv>
            </TextLine>
            <TextLine id="r1l16" custom="readingOrder {index:15;}">
                <Coords points="662,2494 2815,2538 3231,2507 3282,2415 1016,2359 662,2432"/>
                <Baseline points="680,2477 809,2477 938,2477 1067,2477 1196,2477 1325,2477 1454,2477 1584,2477 1713,2477 1842,2477 1971,2477 2100,2477 2229,2478 2358,2478 2488,2478 2617,2480 2746,2480 2875,2481 3004,2481 3133,2483 3263,2484"/>
                <TextEquiv>
                    <Unicode>gesagt: "Wozu ist die u. schon wieder in Honenschwaugau bei ihm.</Unicode>
                </TextEquiv>
            </TextLine>
            <TextLine id="r1l17" custom="readingOrder {index:16;}">
                <Coords points="660,2622 2423,2634 2423,2543 2222,2524 1646,2559 1212,2510 843,2564 661,2494"/>
                <Baseline points="678,2606 764,2606 850,2606 936,2606 1023,2607 1109,2607 1195,2607 1281,2609 1368,2609 1454,2609 1540,2609 1626,2610 1713,2610 1799,2610 1885,2610 1971,2610 2058,2610 2144,2610 2230,2610 2316,2610 2403,2609"/>
                <TextEquiv>
                    <Unicode>Sagen Sie meinem Schwager, er ist ein Esel!"</Unicode>
                </TextEquiv>
            </TextLine>
            <TextLine id="r1l18" custom="readingOrder {index:17;}">
                <Coords points="664,2743 3488,2758 3488,2682 2726,2635 664,2666"/>
                <Baseline points="681,2732 820,2734 959,2736 1099,2736 1238,2738 1377,2739 1517,2739 1656,2739 1795,2741 1935,2741 2074,2741 2213,2741 2353,2741 2492,2742 2631,2742 2771,2742 2910,2743 3049,2744 3189,2745 3328,2746 3468,2748"/>
                <TextEquiv>
                    <Unicode>Donnerstag den 20.9. Was für ein Abend gestern bei A. Ich kam, brachte</Unicode>
                </TextEquiv>
            </TextLine>
            <TextLine id="r1l19" custom="readingOrder {index:18;}">
                <Coords points="665,2886 3230,2938 3230,2829 2888,2765 665,2795"/>
                <Baseline points="684,2861 810,2862 936,2864 1063,2865 1189,2867 1316,2868 1442,2868 1568,2870 1695,2870 1821,2871 1948,2871 2074,2871 2200,2873 2327,2873 2453,2873 2580,2873 2706,2873 2832,2873 2959,2874 3085,2874 3212,2874"/>
                <TextEquiv>
                    <Unicode>ihm Blumen. Wir sprachen ein paar Worte über seine Arbeiten. Er</Unicode>
                </TextEquiv>
            </TextLine>
            <TextLine id="r1l20" custom="readingOrder {index:19;}">
                <Coords points="659,3021 3403,3039 3404,2933 3250,2918 660,2930"/>
                <Baseline points="678,2993 813,2993 948,2994 1083,2996 1219,2996 1354,2997 1489,2997 1625,2999 1760,2999 1895,3000 2031,3000 2166,3002 2301,3002 2436,3002 2572,3003 2707,3003 2842,3005 2978,3005 3113,3006 3248,3006 3384,3008"/>
                <TextEquiv>
                    <Unicode>ruhelos hin und her. Dann setzter sich zu mir: xxx gxx "Sag, wirst</Unicode>
                </TextEquiv>
            </TextLine>
            <TextLine id="r1l21" custom="readingOrder {index:20;}">
                <Coords points="655,3149 3436,3189 3334,3057 656,3044"/>
                <Baseline points="675,3125 812,3125 949,3125 1086,3126 1223,3126 1360,3128 1497,3128 1634,3129 1771,3131 1908,3131 2046,3132 2183,3134 2320,3134 2457,3135 2594,3135 2731,3137 2868,3137 3005,3138 3142,3139 3279,3140 3417,3140"/>
                <TextEquiv>
                    <Unicode>du es mir übel nehmen, wenn ich für einige Zeit nach Berlin gehe? - Ich</Unicode>
                </TextEquiv>
            </TextLine>
            <TextLine id="r1l22" custom="readingOrder {index:21;}">
                <Coords points="660,3277 3375,3314 3376,3186 661,3193"/>
                <Baseline points="680,3254 813,3255 947,3255 1081,3257 1215,3257 1349,3258 1482,3258 1616,3260 1750,3261 1884,3261 2018,3263 2151,3264 2285,3264 2419,3266 2553,3267 2687,3267 2820,3269 2954,3269 3088,3270 3222,3270 3356,3270"/>
                <TextEquiv>
                    <Unicode>habe das dringende Bedürfnis." Ich antworte: "Ich kann es dir nicht</Unicode>
                </TextEquiv>
            </TextLine>
            <TextLine id="r1l23" custom="readingOrder {index:22;}">
                <Coords points="677,3405 3348,3457 3279,3321 678,3310"/>
                <Baseline points="695,3381 826,3383 958,3384 1090,3386 1221,3387 1353,3388 1485,3389 1616,3390 1748,3390 1880,3392 2012,3392 2143,3393 2275,3393 2407,3393 2538,3395 2670,3396 2802,3396 2933,3398 3065,3399 3197,3401 3329,3402"/>
                <TextEquiv>
                    <Unicode>übel nehmen, du sollst das tun, was dir ein Bedürfnis ist - aber ich</Unicode>
                </TextEquiv>
            </TextLine>
            <TextLine id="r1l24" custom="readingOrder {index:23;}">
                <Coords points="667,3562 3236,3563 3477,3536 3478,3459 668,3463"/>
                <Baseline points="686,3513 824,3515 963,3516 1101,3516 1240,3518 1379,3519 1517,3521 1656,3521 1795,3522 1933,3522 2072,3524 2211,3524 2349,3525 2488,3525 2627,3526 2765,3527 2904,3528 3043,3528 3181,3530 3320,3531 3459,3533"/>
                <TextEquiv>
                    <Unicode>würde dir raten nach Berlin zu übersiedeln. Dieses Schwanken zwischen</Unicode>
                </TextEquiv>
            </TextLine>
            <TextLine id="r1l25" custom="readingOrder {index:24;}">
                <Coords points="664,3697 2507,3662 2769,3734 3397,3690 3398,3581 665,3577"/>
                <Baseline points="684,3641 818,3642 953,3644 1088,3645 1223,3647 1358,3648 1492,3648 1627,3650 1762,3650 1897,3651 2032,3651 2166,3653 2301,3653 2436,3654 2571,3654 2706,3656 2840,3657 2975,3657 3110,3659 3245,3660 3380,3663"/>
                <TextEquiv>
                    <Unicode>hier und dort hat keinen Sinn." Hierauf Toben von seiner Seite. Ich</Unicode>
                </TextEquiv>
            </TextLine>
            <TextLine id="r1l26" custom="readingOrder {index:25;}">
                <Coords points="671,3807 3466,3797 3466,3727 3120,3696 672,3697"/>
                <Baseline points="690,3770 827,3773 965,3774 1103,3775 1241,3776 1379,3777 1516,3779 1654,3780 1792,3780 1930,3782 2068,3782 2205,3783 2343,3785 2481,3785 2619,3786 2757,3786 2894,3788 3032,3788 3170,3789 3308,3789 3446,3791"/>
                <TextEquiv>
                    <Unicode>lenke ab, wir sprechen von etwas anderm. Von dem Brief, den er von Her-</Unicode>
                </TextEquiv>
            </TextLine>
            <TextLine id="r1l27" custom="readingOrder {index:26;}">
                <Coords points="662,3915 3399,3923 3399,3854 3079,3825 663,3805"/>
                <Baseline points="681,3900 823,3902 965,3903 1107,3905 1249,3906 1391,3908 1533,3908 1675,3909 1817,3911 1959,3912 2101,3913 2243,3914 2385,3915 2527,3917 2669,3918 2811,3920 2953,3923 3095,3924 3237,3927 3380,3930"/>
                <TextEquiv>
                    <Unicode>terich bekommen hat. (Wenn er wüsste, wieso!) Nach einer Weile frägt</Unicode>
                </TextEquiv>
            </TextLine>
            <TextLine id="r1l28" custom="readingOrder {index:27;}">
                <Coords points="671,4050 3265,4130 3485,4008 672,3966"/>
                <Baseline points="690,4031 828,4032 967,4032 1106,4034 1245,4035 1383,4037 1522,4037 1661,4038 1800,4040 1938,4041 2077,4043 2216,4044 2355,4046 2493,4047 2632,4049 2771,4050 2910,4052 3048,4053 3187,4055 3326,4056 3465,4058"/>
                <TextEquiv>
                    <Unicode>er, wie meine Angelegenheiten stehen. Ich lehne das Gespräch ab. Meine</Unicode>
                </TextEquiv>
            </TextLine>
            <TextLine id="r1l29" custom="readingOrder {index:28;}">
                <Coords points="659,4185 3574,4282 3616,4111 660,4065"/>
                <Baseline points="678,4163 823,4166 969,4167 1115,4169 1261,4172 1407,4173 1553,4175 1699,4176 1845,4179 1991,4181 2137,4182 2282,4184 2428,4185 2574,4187 2720,4188 2866,4190 3012,4190 3158,4191 3304,4193 3450,4193 3596,4194"/>
                <TextEquiv>
                    <Unicode>materielle Lage bedrücke ihn. W Ich frage: "Warum gerade die materielle?"</Unicode>
                </TextEquiv>
            </TextLine>
            <TextEquiv>
                <Unicode>



























</Unicode>
            </TextEquiv>
        </TextRegion>
    </Page>
</PcGts>
