3787 4703
803 360 3256 531 Sechster oder siebenter Brief. Hohenschwangau, 25.8.1928.
757 546 3477 688 Mein Liebes, jetzt haben sich Deine Briefe angewöhnt in der Früh um
812 715 3463 808 acht Uhr zu kommen, was ich sehr anhön finde und so habe ich schon
812 846 3404 984 den Deinen - vom 22. - Ja, die Briefe kommen erst ungefähr am 3.
805 940 3445 1078 Tag, wie überhaupt dieses Hohenschwangau in neuen Verkehrsverhält-
760 1069 3106 1187 nissen trotz aller Autobusse ebenso zurückgeblieben ist.-
771 1223 3494 1330 Von gestern ist nichts neues zu berichten; ein Vormittagspaziergang
769 1329 3371 1473 um den See mit A. und O.; - den ganzen Nachmittag auf dem Zimmer; -
805 1465 3518 1579 ein paar Stunden in einer ununterbrochenen Hysterie auf dem Bett ge-
798 1606 3438 1773 legen; erst gegen 8 hinunter, wo ich ein bischen hin und hergung
775 1711 3477 1831 Von Dora ein Brief, sie werde - mit Familie -Kam 31. kommen; ich ersu-
799 1893 3491 2010 che sie telegraphisch, wenn möglich früher da zu sein. Heute ein be-
801 1991 3513 2112 deckter schwüler Tag. Ich gehe an den See, vielleicht mit den Andern
764 2161 3563 2283 zum Schloss hina f.Zu einer grösseren Partie kann ich mich nicht ent-
772 2253 3412 2428 schliessen; denkbar, dass wir einmal mit dem Auto über den Firmpaas
765 2388 1078 2534 fahren.
778 2536 3473 2688 Dies ist nur ein Lebenszeichen, mein Liebes. -Denn zu schreiben hätt
1799 2611 1946 2688 was
811 2643 3379 2825 lich nur und könnt ich nur, du weisst -Und Du wirst Dich nicht
771 2789 3353 2900 wundern, dass mein Gemütszustand sich vorläufig nicht zum bessern
786 2930 3395 3044 wendet. Doch freu ich mich der Landschaft und bin ihr dankbar; und
792 3022 3391 3154 es tut mir wohl, dass nun alle da sind, durch die ich mit Lili
789 3160 1591 3309 noch verbunden bin.
746 3293 3480 3445 Lebwohl, -Liebstes -ich denke in tiefer Zärtlichkeit an Dich und um-
791 3403 1849 3578 arme Dich von Herzen.Dein
1862 3569 1987 3689 A.
1838 3683 2057 3848 ----
3490 162 3538 318 1
