3787 4667
632 253 1251 430 Tgb. 8.9.1929.
652 450 2488 628 wertvolle Gespräche. Mit Schinnerer getanzt.
657 672 3514 858 9.9. Liebevoller Morgen. Abschiedsstimmung. Noch immer keine definitive
643 833 1461 955 Entscheidung von O.
658 965 3589 1091 Telegramm: Sie fährt nach Franzensbad. 5. Programmt Kein Wort, dass sie ihn
657 1096 3515 1200 erwartet. A. telegraphiert an Heini, ob er sie dort besuchen soll oder
647 1208 3534 1359 nicht. Um 10 Uhr abends Anruf aus Berlin, der dann wieder abgesagt wird.
646 1329 2467 1481 A. sehr enerviert. Ich bin sehr lieb zu ihm.
638 1497 3465 1676 10.9. Enervierte Stimmung. Mir ist sehr mies, aber ich trachte nur ihn
652 1660 1500 1808 in Ruhe zu erhalten.
653 1884 3592 2018 11.9. 6 Uhr Früh. Gestrige Fahrt nach Zürich leidlich. In Olten Schinne¬
663 2016 3591 2142 rer Abschied genommen, der über Berlin nach Amerika zurückfährt. Ein lie¬
644 2115 1130 2278 ber Mensch.
654 2218 3652 2391 In Zürich schlechte Zimmer im Hotel National. Im Hotel Gotthard Telegramm
659 2380 3620 2517 von Heini abgeholt "Besuch wird Mutter sehr freuen". Im Baur au lac
658 2488 3571 2662 Telegramm Doras abgeholt. Besuch bei O. wünschenswert. Dann Reisebureau
657 2645 3437 2782 wegen Zugsverbindung.Zum Telegraphenamt. An Heini, Dora, Olga und ver-
652 2780 3535 2887 schiedene Hotels telegraphiert. Zur Bahn Gepäck aufgeben nach verschie¬
645 2909 3532 3027 denen Richtungen. Schliesslich ins Gotthard zum Nachtmahl ich mit einer
643 3036 3426 3155 Migräne, wie noch nie in meinem Leben. Ich kann nicht sprechen, keinen
640 3151 2550 3294 Bissen essen, obwohl ausgehungert und übermüdet.
645 3289 3618 3466 Reisebestimmung: Wir fahren nach Nürnberg. Er von dort aus nach Marien¬
637 3440 2850 3585 bad, von wo aus er die O. besuchen wird, -ich nach Wien.
638 3565 3429 3780 12.9. Nürnberg. Um 12.30 von Zürich gestern abgefahren, A. kühl, nimmt
646 3746 3559 3870 mir meine Verstimmung, die jeder Mensch begreifen würde, übel, anstatt sie
655 3896 2318 4011 mit ein paar lieben Worten zu beseitigen.
631 4003 3585 4176 Ich finde es ja begreiflich, dass er die O. besucht, da sie wirklich krank
