3787 4698
2095 219 2537 396 17.4.1926.
735 440 3390 574 (gegen den Farhplan) der Fall sein und hoffe ich morgen Sonn-
741 535 3348 696 tag diesen Brief aufgeben zu können, ( was ihn aber kaum hindern
743 707 3221 813 wird, später anzukommen als der nächste, den ich wohl in Neapel
744 831 3303 947 absenden werde.- Das Bett ist hart; - und heut Nacht hat durch
737 977 3266 1077 die Decke ein wenig geregnet - leider gerade auf meine Hemden,
743 1075 3258 1205 die glücklicherweise durch das gleiche Brett, auf dem ich jetzt
744 1251 3232 1357 schreibe, ein wenig geschützt waren.-Das Essen gut und wie auf
728 1342 3397 1450 Schiffen üblich sehr reich; die Bedienung gut. Die Gesellschafts-
742 1475 3476 1619 räume beschränkt, das Publikum indifferent. Im ganzen ist das Schiff
740 1632 3478 1749 zweitrangig; - sozusagen bürgerlich elegant, mit Betonung der Bürger-
739 1750 1184 1881 lichkeit.
2390 1823 2784 1924 natürlich
751 1866 3341 2014 Gethan, insbesondere geschrieben hab ich noch nichts, ge-
740 2020 3303 2120 lesen keine 10 Seiten - wenn ichs versuche schlaf ich ein. -Lili
745 2158 3342 2291 schlief heute Nacht 14 Stunden ohne Pause). -Ich spaziere auf den
745 2277 3301 2398 verschiedenen Verdecken hin und her, -oder strecke mich in einen
732 2408 3436 2567 Liegesessel (um gleichfalls sofort einzuschlafen). - Jetzt eben
734 2561 3229 2681 will ich es wieder thun (aber doch zu lesen versuchen). - Nach
740 2641 3512 2828 einer ziemlich durchschaukelten Nacht Ankunft in Patras bei Regen -
738 2771 2291 2961 Ich lasse den Brief ans Land schaffen.
1163 2922 2591 3077 Mit zärtlichen Küssen innigst Dein
2391 3076 2491 3171 A.
3514 78 3621 290 270
