3678 4667
2537 503 2955 663 9.8.1925.
580 637 3380 768 schwarzes Abendkleid an, mein schwarzes spanisches gesticktes Seiden-
600 767 3422 905 t ich umgeworfen und dürfte mich zwischen meinen zwei eleganten Herren
657 942 3318 1054 ganz gut ausgenommen haben. Carli tanzt auch nicht, weil ihm bisher
619 1031 1399 1188 kein Mädel gefällt.
1126 1161 3247 1316 Ich habe seit gestern endlich ein anderes Zimmer, das
602 1295 3301 1421 nach Osten geht und sehr nett eingerichtet ist. Aussicht gegen die
579 1464 3330 1569 Berge und in der Richtung nach Torbole. Man sieht auch ein Stückerl
591 1590 816 1689 See.
1118 1673 3250 1833 Das Stubenmädchen, das mich sehr liebt, sagte mir, dass
593 1832 3202 1928 bisherige Zimmer sei ein Courirzimmer (Dienerzimmer) gewesen und
646 1982 3174 2112 sie habe nicht begriffen, dass ich so lange dort geblieben bin.
631 2120 3375 2229 man wird eben immer und immer betakelt. Sie geben einem das Schlech-
606 2221 3253 2344 teste und hält man es nicht aus, muss man eben mehr zahlen. Dieses
586 2354 3205 2486 Z immer kostet 65 Lire. Ein grosser Fehler dieses Hotels ist, dass
586 2465 3340 2605 Doppeltüren fehlen und man daher beim Einschlafen so oft durch Läu-
606 2626 2159 2730 ten, zufallende Türen etc. aufschreckt.
1098 2775 3348 2869 Das Wetter ist fabelhaft, viel wärmer als in den ersten
600 2876 3226 3012 Tagen und doch nicht unerträglich. In Brioni vor 4 Jahren war es
587 3035 3199 3150 ungleich heisser. Ich war heute wieder im Bad und habe mich dann
592 3134 2232 3298 lange gesonnt. Ich bin schon sehr braun.
1120 3258 3217 3376 Jetzt will ich ein wenig zu arbeiten versuchen. Ich
599 3388 3347 3514 war bisher grenzenlos faul. Auch war mir der Aufenthalt in dem bis-
593 3496 1798 3649 herigen Zimmer zu unangenehm.
1114 3639 3405 3814 Was hast Du zum Arbeiten mit? Haat Du die "Traumnovelle"
604 3773 3261 3891 für mich mitgenommen? Ich freue mich schon so schrecklich auf das
607 3926 3425 4033 Vorlesen.-Lebwohl, mein Liebes, es ist eben eine Woche her, dass wir uns
577 4041 1601 4192 z uletzt geküsst haben -.
1323 4161 2396 4312 Ich umarme Dich Deine C.K.
3455 118 3587 297 193
