3783 4722
2211 260 2935 435 5.3.1929. Berlin.
622 433 2140 589 Liebstes, mein Bericht schloss vor Mit
2231 462 3432 617 meines Ankunftstages vorges-
595 597 3470 717 tern. Mittagessen bei O., Heini kam von der Probe (Aretino von Rehfisch-
580 744 3473 847 Hotel noch nicht im richtigen Zimmer, Lectüre u. s. w. - Um 7 im Film "Fräu-
590 872 3436 977 lein Else“ mit Dora, Gatten und Sohn (Tommy). Der Anfang nicht Übel; das
596 1010 3399 1123 letzte Viertel dumm und schlecht. Ich begreife jetzt warum man mir das
582 1143 3474 1244 Buch nicht schickte. Der Einfall, gegen den ich mich bei einem er-
634 1265 3430 1389 sten Gespräch (Czinner Mayer) gewendet hatte; dass Elze Veronal nimmt,
623 1378 3513 1515 ehe sie unbekleidet unter dem Mantel in die Halle geht, blieb bestehen. -
635 1502 3531 1627 Czinner war zu überheblich und talentlos, um davon abzugehen; - und da wur -
670 1644 3448 1788 de nicht nur ein kompleter Unsinn daraus, sondern viele Möglichkeiten
583 1783 3314 1885 für Elisabeth gingen verloren. Die Episode Vater nimmt viel zu viel
583 1904 3458 2050 Raum ein; - und man weiss weder was aus ihm noch aus Dorday am Ende wird.
564 2018 3382 2178 Bassernann sehr gut, aber sehr Theater: - unvergleichlich Steinrück als
584 2158 3498 2304 Dorsday (besser als von mir) - Die Epiaode Paul-Sizsy ist überhaupt nicht
579 2320 3436 2438 vorhanden. Die Wohnung des Dr. Thalhof (so heisst nämlich im Film Elses
582 2446 3432 2566 Vater) lächerlicher Kinoluxus. St. Moritzer Landschaft und winterlicher
581 2547 3312 2686 Sport ist nicht umzubringen.- Die Leistung von Elisabeth wundervoll
603 2660 3500 2803 - nur ist es (durch den Filmtext) - eine ganz andere Else, als ich gedich-
583 2792 3393 2938 tet hatte. - All dies sagte ich Elisabeth, mit der ich nach dem Film im
573 2915 3307 3047 Esplanadehotel zusammen war; - sie spürte sehr, dass ich Recht hatte-
611 3088 3422 3220 und ich begriff nun auch, dass dieser Film sie von der Gestalt der El-
581 3198 3344 3361 se keineswegs erlöst haben konnte. Sie gestand mir, dass sie noch nie
573 3337 3365 3466 so erregt gewesen sei, als vor dieser Filmpremière, der sie auch nicht
573 3471 3416 3614 beigewohnt hatte: sie war während der letzten Tage in Dresden gewesen.
574 3592 3344 3774 Ueberdies entschlossen, -falls der Film und sie keinen Erfolg gehabt
607 3718 3413 3844 hätten - die Bühnen-Else nicht zu machen. Ich sagte ihr, wie ich ihr
556 3885 3445 4012 Schwanken in Wien gespürt hätte; sprach wieder von ihrer Unverlässlich-
574 3989 3414 4145 keit - sie hatte die dringend gewünschten Masse bisher keinem Direktor
574 4149 3298 4275 gezeigt - und - trotz ihres Versprechens - nun auch nicht ins Hotel
3594 111 3713 254 03
