3690 4687
2923 270 3016 418 7
2807 377 3189 575 26.4.26.
988 565 3367 679 Nein,nein, nein, mein Kind, du hattest nicht recht mit dieser
595 670 3305 806 Reise. Hättest Du sie mir vorgeschlagen, mich mitnehmen wollen, ich
595 828 3365 986 hätte Dir abgeredet. So eine Reise macht man nur, wenn man muss oder
618 935 3317 1053 wenn man niemand zurücklässt, der einem oder dem man erwas bedeutet.
616 1082 3323 1214 Es hätte sich wohl noch eine andere Reise finden lassen, die weniger
613 1181 3358 1333 ausserhalb aller Verständigungsmöglichkeiten liegt. Aber Du hast Dich
605 1352 3318 1480 in diese Idee vernannt, wie ein eigensinniges Kind, das einen Streich
598 1468 3347 1580 ausgeheckt hat und ich bin überzeugt, sie ist viel früher entstanden,
597 1613 3332 1757 als Du mir davon sagtest, sie lag in allen Missverständnissen dieses
596 1723 3252 1880 Winter zwischen uns, ohne, dass ich davon wusste. Du wus stest, was
596 1862 1486 1981 Du vor hattest - - -
1157 1989 3233 2113 Ich schreibe das, weil ich ein wenig erregt bin, aber
595 2125 3376 2257 ohne alle Feindseligkeit und nur hoffend, dass bald eine gute, beruhi-
604 2257 3489 2405 gende Nachricht eintrifft, dass Ihr alle Stürme, von denen in der Zeitung
608 2388 3321 2536 steht, gesundheitlich gut vertragen habt und vergnügt in L. gelandet
589 2514 843 2647 seid.
2556 2628 2908 2801 30.4.26.
1150 2734 3358 2908 Wie dumm war ich, wie grenzenlos dumm mir Sorgen zu ma-
585 2914 3313 3030 chen und noch dümmer diesen endlosen brief zu schreiben, den ich nun
598 3025 3329 3182 nicht absenden werde.Gestern kam Dein Brief aus Lissabon,- ein lie-
577 3166 3436 3310 benswürdiger Reisebericht - kein einziges warmes Wort, keine Frage nach
578 3311 3388 3448 meinem Ergehen. Du dankst mir für den lieben, guten Brief, den Du in L.
597 3427 3392 3528 vorgefunden hast, das ist alles. Momentane Stimmung? Absicht?
594 3571 3386 3703 So und nicht anders zu schreiben - ich weiss nicht, was ich davon hal-
584 3688 3382 3820 ten soll, aber ich bin ernuchtert, grenzenlos ernüchtert. Auch wenn ich
594 3811 3108 3960 Deine Adresse morgen oder übernorgen erhalten sollte, wohin die
579 3942 3400 4080 nächsten Nachrichten zu schicken sind, so wird es ein Kartengruss wer-
580 4061 1228 4213 den, nicht mehr.
3453 101 3586 254 289
