3702 4674
446 292 1370 449 An A.S. nach Adelboden.
2002 291 2607 468 Wien, 5.8.1926.
559 475 3341 636 Guten Morgen, mein Liebes, es ist 17 Uhr Früh und ich schreibe noch im
540 636 3344 734 Bett liegend. Gestern ohne Brief hoffe ich heute umsomehr -. Ich habe
572 735 3264 886 bisher 3 Briefe und 2 Karten, es fehlt daher noch auf einige meiner
564 907 3282 1056 Briefe die Reaktion, besonders auf die Antwort für den Sonntagsbrief
563 998 3385 1165 bin ich begierig. Die Post funktioniert sehr ungleichmässig, oft kommt
568 1162 3419 1302 eine Nachricht am 2., dann wieder am 4.Tag an. Carky geht es mit Magias
600 1320 3365 1470 Briefen auch nicht anders. Deakk Dir, gestern habe ich im Morgengrauen
570 1422 3338 1525 binnen einer viertelstunde einen Janningsfilm entworfen und meute
598 1573 3292 1708 Fruh um 9 Uhr kommt die Frieda zum Diktat. Dann schick ich ihn der
567 1679 3389 1794 Hofrätin Eisenmenger, der ich ihn bereits telefonisch angekündigt habe.
626 1817 3370 1960 ch lege eine Kopie des Films bei, sobald ich sie habe, und gebe dieses
544 1939 3341 2097 Schreiben dann erst auf. Es liesse sich aus dem Einfall genauso eine
541 2084 3446 2220 hübsche, gut erzählte Novelle machen, wie ein Kitschfilm. Aber ich möch-
633 2224 3322 2362 Geld verdienen, umso ruhiger arbeiten zu können, was mich freut.
562 2345 3366 2480 Meine Nerven sind ein bisl überreizt. Ich komme mir oft wie ein Pfeil
2359 2425 2837 2534 abgeschällt
562 2478 3295 2585 vor, der von einem zu straff gespannten Bogen abgespannt wurde - ich
559 2608 3317 2713 fliege und fliege, weiss nicht recht wohin und wo ich stecken bleiben
556 2734 3292 2847 werde und es ist treibende Kraft, Gehetztheit und sehr viel Angst in
549 2846 3374 2973 mir. Ich fürchte mich oft bis zur Atemlosigkeit und weiss nicht recht
549 3001 837 3100 warum.
965 3098 3406 3259 11. Uhr. Zwei Briefe von Dir, den gewöhnlichen vom 3. und um
680 3172 832 3316 und
546 3233 3325 3378 9 Uhr den Expressbrief vom 3. um 11 Uhr. Beide sind sehr sehr lieb
554 3387 3445 3555 ich bin sehr froh und möchte Dich hier haben, um Dich zu küssen. Die
521 3516 3390 3656 Frieda ist gerade fortgegangen. Sie hat auch heute Brief von Dir und
537 3663 3428 3805 hat sich sehr damit gefreut. Ich habe ihr den Film diktiert, den sieaus-
554 3761 3399 3929 gezeichnet findet und sie trägt ihn eben der Hofrätin Eisenmenger hin.
580 3925 3360 4068 Ich lege hier einen Durchschlag bei. Man wird mir wohl die Idee ent-
537 4024 1467 4174 wenden und nix zahlen.
3413 87 3528 265 33
