3686 4703
1356 117 3499 223 A. vrai mit roly nah tausig gefahren, um
188 86 830 264 1.N. 155-550
1348 199 2765 306 Wohnung für sie zu suchen.
1362 205 2988 431 ser lag noch sehr haut zu Bett.
2061 320 2974 459 Wien, 21.4.1927.1/2 1 Uhr.
490 312 1171 484 An A.S. Venedig.
458 531 1022 696 Mein Liebes,
972 618 3280 766 während ich diese Zeilen beginne, nähert Ihr Euch Venedig
504 757 3339 912 und ich gebe mir Mühe es mir vorzustellen. Ihr werdet sicher bei Son-
547 876 3268 1034 nenschein und blauem Himmel ankommen, denn auch hier ist ein schöner
504 1057 2347 1182 Tag, nur sehr stürmisch. Die Fenster klappern.
970 1134 3259 1305 Ich liege natürlich im Bett. Gestern um 10 Uhr abends,
490 1282 3270 1433 Du warst wohl gerade auf der Fahrt zur Bahn - hatte ich wieder einen
505 1441 3384 1570 schrecklichen Anfall. Während ich mich in Schmerzen ward, musste ich im-
471 1581 3266 1714 mer denken, dass die O. Euch vielleicht an die Bahn begleitet und ich
511 1703 3277 1848 sah Euch zusammen im Auto und dann am Perron Abschied nehmen und ich
504 1831 3196 1961 fühlte mich sehr elend. Da nahm ich das Morphium und die Schmerzen
478 1954 3302 2075 hörten langsam auf und meine Gedanken wurden apathisch und schläfrig.
497 2075 1541 2247 Eigentlich sehr angenehm.
909 2217 3418 2361 Ich weiss sehr gut, mein Liebes, dass die O. in Deinen Gefühlen
510 2312 3364 2470 keine Rolle mehr spielt - so etwas spürt man - aber Du musst doch ver-
498 2452 3344 2625 stehen, wie schrecklich mir ihre geschmack- und taktlose Anwesenheit auf
503 2599 3422 2737 die Nerven geht und zu meiner allgemeinen Depression beiträgt. Ich möch-
503 2723 3401 2887 te so gerne bald gesund sein und sehe noch kein Ende. Ich komme mir so
477 2874 2788 3007 minderwertig und belastend vor und das ertrag ich nicht.
897 2996 3421 3117 Leider musste ich hier unterbrechen, dapich wieder einen Anfall
510 3160 3356 3266 hatte und vielleicht den stärksten von allen und leider fängt das Mor-
505 3249 3307 3384 phiummittel an die Wirkung zu versagen. Emma hat den Karl telefonisch
511 3383 3400 3490 berufen und er hat den Dozenten Elias für 6 Uhr abend bestellt. Ich bin
511 3543 3434 3675 sehr froh, dass Du nicht da bist und ein paar schöne gute Tage dort haben
506 3647 3374 3758 wirst, mein Liebes. Sei nicht böse, dass ich für heute nicht mehr schrei-
500 3785 3467 3933 be, aber ich bin jetzt sehr müde. Gisela B. und Byk habe ich eben für heu-
516 3887 3277 4056 te abgesagt, da ich mich nicht beauchsfähig fühle. Ich bin mit tausend
507 4039 2108 4200 guten Gedanken bei Dir und umarme Dich.
1403 4150 1869 4297 Deine C.K.
