3742 4666
1711 282 1835 389 5
833 409 1044 552 Tgb.
838 528 3410 671 ses Buch geschrieben hätte. Zwei Monate, die sehr reich waren an
827 627 3494 790 Gutem und Bösem. Das Böse, das sind die trostlosen pekuniären Ver-
844 779 3536 902 hältnisse. Manchmal wird mir schwarz vor den Augen, wenn ich an die
838 917 3407 1032 Zukunft denke. Es bleibt mir nicht übrig, als Silber und Schmuck
839 1043 3475 1160 zu verkaufen und so weiter zu wursteln bis bessere Zeiten kommen.
836 1163 3524 1327 Meine Nerven sind recht angegriffen und ich fühl mich sehr elend.
843 1319 3415 1434 Dabei arbeite ich viel. Ich habe bereits alle Gedichte Géraldys
843 1426 3449 1557 übersetzt. Die Neue Freie Presse hat zweimal je 2 lange Gedichte
857 1557 3504 1700 gebracht und Géraldy hat mir das Uebersetzungsrecht für das ganze
846 1705 3448 1816 Buch "Toi et moi" gegeben. Jetzt heisst's einen Verleger finden.
863 1854 3354 1954 In der Neuen Freien Presse erscheint jetzt auch meine Novelle
871 1971 3619 2105 "Der Abhang" und die Leute glauben, dass A. mir dabei behißflich ist.
852 2120 3495 2234 Ich weiss, dass er mir nie in dieser Richtung helfen würde und ich
860 2228 3462 2370 es auch gar nicht möchte. Er hilft mir in einer andern Art - da-
848 2330 3383 2469 durch,dass er mich lieb hat und dadurch, dass er sich für meine
855 2476 3393 2624 Arbeit interestiert und mir Mut macht. Aber das verstehen die
857 2626 1783 2728 dummen Menschen nicht.
842 2714 3398 2890 A. war 10 Tage fort - er hat seine Tochter nach Baden-Baden zu
843 2891 3493 3006 seiner Frau gebracht, ist ein paar Tage dort gewesen und dann nach
865 3004 3475 3126 Salzburg, wo er mit Heinrich Mann und seinem Sohn Heini zusammen-
852 3138 1092 3284 traf.
851 3268 3399 3377 Der Aufenthalt in Baden-Baden muss nicht sehr angenehm gewesen
852 3423 3420 3532 sein. Seiner Frau scheinen unsere Beziehungen nicht zu passen -
846 3507 3462 3691 sie war vollkommen orientiert und äusserte ihre Empörung. Aber er
841 3651 3416 3766 hat ihr den Standpunkt klar gemacht und ihr gesagt, sie sei wohl
851 3807 3419 3918 verrückt gewesen zu glauben, dass er als Eremit leben würde, weil
859 3958 3417 4057 sie ihn verlassen habe und sie sollte sich eher darüber freuen,
851 4070 3487 4181 dass er mich gefunden hat. Sie ärgert sich, wie er sagt, besonders,
848 4205 3542 4310 dass er jetzt wieder so gut arbeiten kann. Mir ist diese Frau ganz
3520 119 3622 307 57
