3771 4622
582 312 1223 476 Tgb. 21.6.1931.
540 458 3474 572 Henry Abreise durchhalten, mein Verdacht gegen diese Frau verstärkt sich.
543 596 3396 734 Eine Vormittag begonmene Unterredung woll am Abend fortgesetzt werden.
554 708 3399 866 Ich sagte A., dass ich meinen Contrakt hier nicht erneuern, sondern fort
552 867 3438 1021 will, dass er wohl vorbereitet darauf gewesen sein muss, das der Zustand
529 988 3393 1146 der letzten Monate sich nicht fortsetzen kann. Er sieht das vollkommen
554 1141 3439 1277 ein, will aber absolut nicht auf mich verzichten etc. Immer dieselbe Ge-
552 1244 3514 1395 schichte. Ich woll mich umstellen, seine Freiheit respektieren. Ich sagte,
535 1366 3474 1509 diese Umstellung verzuchen wir seit einem Jahr und die Qual wird täglich
550 1507 3472 1669 grösser. Obwohl ich eine Fortsetzung des Gespräches überflüssig fand, be-
555 1647 3488 1788 stand er darauf, dass ich um 28 Uhr zu ihm hindüberkomme, um weiter zureden.
545 1742 3500 1928 ich bin überzeugt, dass wenn man in einer solchen Stunde wie heute Vormit-
540 1899 3469 2049 tag nicht mehr das richtige Wort findet, man es nie mehr findet. Er redet
546 2040 3469 2170 immer nur um die Details herum, die ihm wichtig sind. Ich sagte ihm, dass
568 2156 3421 2300 mir ein Zusammensein mit Frau Clauser und ähnlichen Damen ganz gleich-
543 2304 3359 2431 gültig wäre (onne das Benehmen der Frau Clauser gut zu heissen), aber
532 2401 3340 2595 sich müsste eben bei ihm Wärme, Geborgenheit, Heimat finden. Ist es ihm
535 2540 3332 2668 eingefallen mir nach Caryz langer Krankheit zu sagen: Komm, mein Kind,
538 2681 3365 2863 jetzt gehen wir ein bisschen fort, du muust dich erholen - oh nein! Und
528 2805 3436 2954 jetzt, wo ich so herunter und elend bin, fragt er in der Früh: "Wie gehtz?"
514 2957 3370 3110 Oder: "Du wohltest doch einen Arzt fragen". Aber er denkt nicht daran,
532 3066 3195 3223 dass er mit mir zu einem Arzt gehen könnte oder mir einen schicken
552 3235 3515 3381 müsste. Er sagt: "Ich bin doch nicht verpflichtet dich immer einzuladen".
540 3337 3419 3510 Ich: "Nein. Aber dass du es als Verpflichtung" und nicht als Freude em-
527 3461 3449 3636 pfindest, das ist eben der springende Punkt." - Er: "Ich muss schon wieder
520 3609 3318 3768 Angst, haben, weil demnächst der Verleger Maupray kommt und ich ihn mit
517 3740 3249 3896 der Clauser zusammen einladen werde. - Ich: "Es wäre natürlich, wenn
606 3870 3481 4032 mere Beziehung eine gute wäre) gar kein Grund mich nicht dazu zu bitten,
549 3986 3307 4158 aber du klammerst dich immer an Einzelheiten, die ganz unwichtig sind,
542 4114 3479 4298 gegendas, um was es egentlich geht.“ - Also, um 18 Uhr Fortsetzung. Wozu?
3531 156 3606 283 92
