2806 3370
617 340 1224 466 A.S. an H.v.H.
449 482 2432 638 zweifle ich gar nicht daran. - Ist bei Ben. nach
444 621 1308 772 mir gefragt worden? -
456 755 2536 890 Paul Goldmann hat unglaublich viel zu thun, und wenn
449 903 2571 1033 ich ihn nicht gerade auf seinen Excursionen zwischen
453 1036 2555 1179 Büreau und Telegraphenamt begleite, wie z.B. gestern,
458 1193 2528 1304 wo das Brandunglück in Bazar de la Charité den Zei¬
457 1329 2514 1453 tungen so viel zu thun gab, hab ich eigentlich wenig
448 1486 2492 1603 von ihm. Aber sein Wesen macht mir sehr viel Freu¬
453 1630 2450 1747 de; und er gehört zu denjenigen, an denen ich mich
435 1736 2321 1874 erhole, von denen aus mir der Weg zu mir
428 1864 2181 2016 selbst am freiesten und klarsten darliegt.
785 2009 1515 2134 Herzlich der Ihre
1477 2141 1809 2278 Arthur.
