3674 4662
1395 503 2123 617 Einleitende Worte.
1418 588 2205 701 - - - - - - - -
1000 871 2905 1045 Was ich hier unter dem Titel "Arthur Schnitzler und ich"
621 1029 2812 1182 zusammengefasst habe und zur Veröffentlichung nach meinem Tod bereit
596 1148 2846 1298 lege, umfasst nicht nur die Briefe, die wir während unserer fast neun¬
608 1275 3369 1430 jährigen Beziehung miteinander tauschten, sondern auch meine - in die
601 1400 3410 1532 Zeit vom 7. Februar 1923 bis zum 22. Oktober 1931 eingefügten Tagebuch¬
605 1563 3282 1686 aufzeichnungen, die ich leider anfangs etwas schütter, meist nur auf
604 1666 3567 1827 unseren gemeinsamen Reisen eintrug und die erst später zu einem täglichen
590 1783 1359 1952 Gewohnheit wurden.
987 1899 3478 2087 Da ich bei diesen sehr knappen Aufzeichnungen nie an eine spä¬
597 2067 3443 2214 tere Veröffentlichung gedacht habe, fand ich es nötig bei meinem Diktat
596 2187 3454 2339 in den Wintern 1932 und 1933, wenn auch nur in sehr vereinzelten Fällen
593 2320 3395 2477 kleine stilistische Aenderungen vorzunehmen, wie sie für einen Abdruck
587 2457 3286 2574 geboten sind; Hie und da ein Wort, das missverstanden werden könnte
582 2576 3322 2736 durch ein klareres zu ersetzen und vielleicht das eine oder dasan-
593 2688 3391 2831 dere, das Ueberlebende allzu sehr verletzen könnte, zu mildern, aber im¬
582 2845 3373 2988 mer nur ohne dadurch Tatsachen zu verschleiern oder zu entstellen oder
592 2985 3358 3152 gar zu beschönigen. An der einen oder an der anderen Stelle habe ich
600 3099 3307 3234 auch manches aus meiner Erinnerung hinzugefügt, da ich besonders in
623 3247 3403 3391 der allerletzten Zeit aus innerer Gehetztheit und Verstörung manches
572 3345 1995 3507 Bedeutsame weggelassen hatte.
979 3478 3393 3620 Wer mich kennt, weiss, was mir Wahrheit bedeutet und dass ich
583 3608 3228 3780 mit diesem Vermächtnis der Nachwelt nicht nur die Entwicklungsge¬
579 3732 3345 3931 schichte einer Liebe mit allen ihren Beglückungen und Schmerzen hin¬
567 3847 3259 4011 terlassen will, sondern das lebenswirkliche Bildnis eines
571 4003 2093 4139 grossen Mannes im Schatten des Todes.
970 4117 3304 4276 Er selbst sagte, als wir in einer jener ersten Tage, da wir
