3743 4674
1790 281 2483 440 Berlin, 8.5.1923.
639 393 3361 511 Seien Sie herzlichst gegrüsst von der ersten Station meiner Reise.-
631 553 3375 684 Meinen Berliner Aufenthalt kürze ich ab und fahre schon morgen Früh
604 685 3387 779 nach K. weiter. Ich freue mich Ihren Nachrichten entgegen, die ich in
598 787 2683 953 Terminus zu finden hoffe. Auf Wiedersehen Ihr A.S.
1661 952 1925 1073 - - - - —
1951 1015 2778 1211 Stockholm, 10.5.1923.
641 1172 3282 1323 Von einem schönen Ausflug Pfingstsonntag an der Küste, meine liebe
590 1304 3309 1467 Frau Clara Katharina, schicke ich Ihnen viele sehr herzliche Grüsse.
577 1474 3428 1611 Es ist eine zauberhafte Stadt. Heute wieder aufs Land. Morgen "Liebe-
590 1595 3315 1723 lei" am königlichen Theater. Mittwoch Abend nach Berlin, wo ich Don-
603 1738 3280 1879 nerstag Abend eintreffe. Anfang nächster Woche hoffe ich zuhaus zu
597 1832 2118 2027 sein. Alles Gute und Schöne. Ihr A.S.
1770 1982 1999 2125 -- — — —
2080 2071 2930 2235 Gilleleje,11.5.1923.
654 2208 3544 2362 Gestern Abend, liebe Frau Clara Katharina, xxx in Kopenhagen angekommen-
642 2352 3329 2483 und gleich heute Morgens hieher, wo es ungleich schöner ist, als ich
600 2496 3319 2607 es in der Erinnerung hatte. Nach einem köstlichen einsamen Spazier-
598 2631 3363 2745 gang zwischen Meer und Wald, im Badehotel als einziger Gast, grüss ich
637 2753 3402 2898 Sie viele Mal. Die nächsten Tage werden anstrengend sein. Donnerstag
604 2840 3355 2989 will ich nach Berlin fahren. Darfich mir dort eine Nachricht erhof-
596 3001 3354 3137 fen u. zw. pr. Adr. Dr. Michaelis, Berlin-Dahlem, Hohenzollerndamm 96.
609 3101 1787 3270 - Hier kauft ich diese Karte.
1760 3238 2053 3425 ------
2175 3414 3065 3554 Kopenhagen, 14.5.1923.
583 3540 3370 3650 Herzliche Grüsse. Eben sitz ich da gestiefelt und gespront für die
599 3648 3403 3784 zweite Vorlesung. Schönsten Dank für die drei Karten.-Wie gerührt bin
578 3756 3426 3941 ich erst ich - Leise Möglichkeit, dass ich nach Stockholm fahre (drin-
591 3931 3392 4054 gende Einladung), entscheidet sich morgen. Das Wetter so unfreundlich,
581 4053 3342 4159 dasskich kaum eine andere Landschaft zu schicken vermag als diese.
551 4186 2025 4290 Denken Sie meiner in Huld. Ihr A.S.
1602 4317 1880 4429 - - - -
3456 89 3589 282 13
