2793 3358
1721 254 2236 424 7.III.1896.
836 540 1936 665 Sehr geehrter Herr Doktor!
520 742 2401 874 Ich war gerade bei der Arbeit als Ihr Buch mit
322 907 2439 1018 den freundlichen Grüssen kam. "Mimi" und ich haben
326 1051 2410 1144 uns sehr mit demselben gefreut und werde ich dieses
336 1153 2434 1260 "herzige Mäderl" mit Gegengrüssen demnächst an Sie
321 1306 2366 1399 senden. Auf Ihren Vorschlag gehe ich natürlich mit
326 1442 2469 1540 grossem Vergnügen ein und hoffe sehr bald etwas " Un¬
322 1551 1638 1676 gedrucktes von Ihnen zu lesen.
1043 1757 1687 1889 Mit bestem Dank
1676 1807 2122 1938 herzlichst
1684 1947 2138 2073 Clara Loeb
