3770 4711
609 415 3603 584 Ich wünschte ich hätte diese Novelle, die einen unglaublichen Erfolg hat-
610 600 3522 727 nie geschrieben. Ich glaube ich werde sie nie mehr lesen können, Ich hab
603 726 3559 845 mit dem Todt eines anderen Menschen gespielt. Ich hätte ihr nie das klein-
607 853 3504 1005 ste Leid zugefügt ihr nie etwas Böses gewünscht, aber auch das was ich
615 990 2698 1142 getan habe war eine Schuld oder ist eine geworden-
603 1107 3608 1248 Der Vater der Frau Grosavesku die ihren Mann ( wegen der Josephiene Strans
603 1233 3542 1389 ky) erschossen hat, rief mich an, um mir für diese Novelle zu danken und
601 1353 3517 1533 er hat richtig empfunden, dass auch diese Tat sine Anregung für mich war,
607 1491 3609 1621 ich bekem Briefe von Frauen, die mir im Namen vieler anderer dankten, und
641 1617 3179 1770 och wünschte ich, ich hätte sie nie geschrieben.
614 1754 3609 1886 A. war bei mir noch sie er zu Prim- L. gieng. Er sagte es sei ihm eine Be-
622 1860 3582 2052 ruhigung mich noch vorher zu sehen. Wir sprachen erst ganz ruhig über den
610 2013 3537 2157 Fall, mit einer gewollten Ruhe. Als er sich erhob um zu gehen, verliess
616 2200 3568 2301 mich plötzlich meine Kraft. Ich barg meinen Kopf weinend an seiner Brust.
620 2283 3465 2446 Er umfieng mich und wir küssten uns mit einer stummen Zärtlichkeit die
609 2421 3584 2580 Über allen Worten war. Bei der Türe kehrte er dann nochmals um und küsste
620 2545 1814 2709 meine Hände meine Augen.
618 2736 3545 2880 Er rief mich am N.M. noch zweimal an. Am Abend waren Alma und Werfel bei
621 2863 3507 3008 ihm. Er wollte ihnen nicht absagen und ich war froh ihn nicht allein zu
606 3015 920 3148 wissen
607 3122 3619 3256 Montag machten wir einen schönen Spaziergang in den Prater, am Abend waren
619 3280 3617 3405 wir im Kino und dann nachtmahlen wir im Opernkeller. A. schien ermüdet und
613 3389 2231 3561 ich behandelte ihn wie einen patienten.
613 3519 3614 3648 Gestern Dienstag war ich am Abend bei ihm. Er las mir viele Aphorismen vor
609 3638 3498 3778 die nächstens als Band heraus kommen sollen. Manche sind unerhört schön
608 3806 3620 3932 manche zu gewunden und unklaar. Ich wählte noch einige für die Sammlung aus
615 3917 3616 4036 Nach dem Abendessen schlummerte er eine Zeit lang den Kopf an meiner Brust.
614 4022 3541 4159 Wir sprachen kein Wort von Fr. L. die heute (Mittwoch V. M.) abegraben
611 4186 899 4298 wird--
