3702 4694
2235 306 2857 455 Wien, 17.3.1925.
567 358 1229 550 An A-S. Berlin.
2202 401 2695 524 Hotel Regina.
562 574 986 708 Liebster,
1035 730 3230 866 heute könnte man vom Fenster aus beinahe glauben, dass
561 844 3299 941 Frühling ist - kein Stäuberl Schnee mehr zu sehen, blauer Himmel und
562 975 3282 1084 Sonnenschein. Aber draussenweht ein Eiswind und das Spazierengehen
569 1107 1370 1235 ist kein Vergnügen.
1087 1249 3364 1375 Vormittag war ich bei Otto im Bureau, weil er Geburtstag
572 1369 768 1538 hat.
1128 1406 3491 1565 Als ich gestern zu Tedy kam, traf gerade die Todesnachricht
617 1549 3459 1679 von unserem gemeinsamen Vetter Wassermann ein, d.h. er war ein direkter
561 1663 3456 1800 Wetter von der Tedy (Wassermanns Frau meine direkte Cousine). Da sie aber
558 1840 3375 1965 eine der olödesten Gänse ist, habe ich nicht mehr als eine recht objek-
601 1937 2892 2107 tive Teilnahme, die ich in einem Telegramm äussern werde.
1126 2081 3331 2233 Für Deinen lieben Brief, der heute Morgens eintraf,tau-
566 2217 3321 2371 send Dank. Du könntest mir aber schon ein bissel mehr über dein Wie-
569 2341 3300 2464 versehen mit Heini schreiben, wie er aussieht, ob er sehr herzlich zu
537 2459 3336 2646 Dir ist, ob er über seine Herzensangelegenheiten und Zukunftspläne zu
545 2583 1377 2745 Dir gesprochen hat.
1163 2688 3276 2894 Ich sende Dir anbei 1. eine Notiz über das "Märchen"
568 2860 3342 2985 ein. 2. einen Liebesbrief majoellons an Josephine, damit Du siehst, dass
552 2986 3283 3091 nicht alle grossen Männer so verschlossen sind, obwohl ich nicht oe-
540 3113 3384 3278 haupten will, dass dieser Stil mir sehr nahe ginge. Aber dafür bist Du
562 3239 2114 3408 auch ein Dichter und kein Feldherr. Al
1193 3375 3264 3564 Weisst Du schon, was ein Flirt ist? – Wenn er schon
561 3497 2277 3668 angezogen wird und sie noch angezogen ist!
1271 3660 3298 3753 Und weisst Du, was er ist, wenn sie schon ungezogen
544 3754 2300 3927 wird und er noch angezogen ist –? Ein Tepp!
1246 3885 3288 4052 Nachdem ich Dir diesen frivolen Witz erzählt habe,
555 4044 3239 4212 dessen Quelle Du erraten darfst, habe ich nichts mehr zu berichten.
1256 4169 3280 4300 Dies ist übrigens der 4.Brief, den ich seit Deiner
3416 126 3551 297 148
