3787 4667
553 320 1210 490 Tgb. 17.7.1929.
558 513 3462 686 Gestern bei A. mit Arnoldo genachtmahlt. Ich werde froh sein, wenn die-
578 670 3412 795 ser Mann fort ist. Er tut mir leid und zugleich ist er mir unheimlich.
605 786 3535 925 Er sprach viel über seine Kraft zu hypnotisieren - - - Heute Abend fährt
570 925 3422 1047 er fort. Nachmittag Dr.Fischer, Vormittag Frieda ersten Akt "Dame" dik-
574 1036 3420 1161 tiert. Wenig befriedigt. Gegen Abend A. besser aussehend, aber müde und
589 1210 3314 1300 traurig. Zum Nachtmahl Otto. Sommerabend auf der Terrasse. Allerlei
570 1300 2027 1469 Gespräche, hauptsächlich über Harry.
578 1495 3468 1628 18.7.1929. P In der Nacht um 12 Uhr durch Carry aus dem Schlaf geweckt,
576 1644 3426 1777 der nur sein Gespräch mit Herry referierte. Es ist zum Grausen. Er will
588 1751 3430 1894 Mädi aus oppotunistischen Gründen heiraten, er sei anderthalb Monate in
594 1887 3542 2017 sie verliebt gewesen, aber es sei vorbei. Er wird sie anständig behandeln,
589 2014 3391 2147 und nicht kompromittieren, aber er denke nicht daran ihr treu zu sein.
587 2135 1941 2307 Ich kann nicht mit ihm sprechen.
580 2259 3046 2425 Wieder ein wunderschöner Sommertag. Heute wird Hugo begraben.
597 2480 3443 2603 19.7.1929. Vormittag Zahnarzt. Nächste Woche beginnt eine längere Be-
592 2603 3427 2730 handlung. Nachm. Dr. Fischer. Mein Hals weniger gut. Am Abend Carry und
581 2741 3267 2868 Magda. Es ist eine Freude, wie lieb die sich haben. Um 10 Uhr Anruf
596 2850 3423 2993 Neue Presse, die mir neue Anstände wegen des Honorars für den Roman ma¬
595 2984 3364 3114 chen. Ich habe erklärt 2500.-oder den Roman morgen zurück. Gott, wenn
598 3136 3389 3261 ich den Roman wirklich zurückbekomme - ich habe so damit gerechnet!
1368 3232 1621 3359 mit A.
593 3300 3476 3450 20.7.1929. Kinoabend "Lustige Seefahrer", aber nicht sehr lustig. Nacht-
594 3455 3479 3594 mahl beim Gruss im Freien, wundervoller warmer Abend. Nachm. waren Tante
585 3590 2595 3720 Clara, Emmy R. und Anna bei mir. Hals weniger gut.
1418 3704 1661 3834 Abend
598 3777 3553 3916 21.7. Melancholischer bei Arthur. Erst im Garten, dann Vorlesung Tagebuch-
609 3920 3498 4048 blätter über Hugo und 2.Akt "Spiel der Sommerlüfte". Szene mit Kaplan
677 4055 1162 4194 wundervoll.
3504 116 3649 291 251
