3783 4691
652 452 3429 623 die Else machen will und dass ihr die Else das allerwichtigste ist; –
671 580 3401 715 sie glaubt es auch selbst; – aber die Gegeneinflüsse scheinen mächti¬
669 729 3485 870 ger (durchaus nicht aus Feindseligkeit gegen mich – sondern aus allen
670 868 3471 968 möglichen Theateropportunitätsgründen), – als ich ohnedies schon ver¬
648 1005 3464 1139 mutet hatte. – Morgen spätestens wird (?) Antwort von Strand da sein; –
655 1092 3343 1288 Donnerstag hab ich eine Besprechung mit Elisabeth. Samstag muss es
641 1250 3303 1380 endgültig feststehen, zu welchem Direktor wir uns entschliessen. – Wenn
662 1382 3456 1508 der einmal feststeht, sagt sie, – ist ja die Sache in einer Stunde erle¬
664 1499 3415 1639 digt. – Gewiss ist die theoretische Lösung der Inszenierungsfrage ge¬
650 1641 3450 1767 geben; Trottoir roulant – und wandelnde Prospecte (gegen Laterna magica
646 1782 3412 1919 sind wir alle); – die technischen Einzelheiten sind natürlich nur mit
644 1878 3491 2090 Hinblick auf die betreffende Bühne zu lösen. Es ist und bleibt unfass¬
649 2035 3442 2215 bar, was Strnad mit seinen Massen gewollt hat; – selbst unter den Sälen
687 2178 3433 2313 war kaum einer zu finden, der für seinen Plan in Betracht käme.
679 2274 3290 2443 Natürlich hätte ich das schon vor drei Wochen wissen können, wenn
644 2412 3381 2551 Elisabeth sofort mit dem Strnadplan zu Duorski (dem ersten Theater¬
640 2571 3512 2671 meister in Berlin) gegangen wäre. Eleonore Mendelsohn, die neueste Freun¬
640 2692 3439 2825 din Elisabeths (mit der Heini im Aretino spielt) sagte ihm gestern, dass
638 2816 3401 3002 E. sich über die harten Dinge, die ich ihr unverblümt sage, ärgert, sie
642 2948 3423 3115 aber immer wieder selbst einsieht und dass ich eigentlich der einzige
618 3067 2906 3200 Mensch sei, der ihr »imponiere«! – Und so schaut das aus!
626 3160 3427 3367 Den gestrigen Abend verbrachte ich mit heftigen Kopfschmerzen allein.
619 3316 3304 3492 Heute esse ich bei Herr zu Mittag: Abend bin ich mit Viki und Mimi
610 3458 1020 3588 zusammen.
619 3583 3379 3725 Am Donnerstag Morgens, mein Liebes, ruf ich Dich an- und hoffe Dir mehr
622 3714 3458 3842 sagen zu können. Das Wetter ist sehr schön; aber ich hab weder äusser¬
617 3832 3447 4022 lich noch innerlich etwas davon. Lebwohl, ich drücke Dich innig an mein
605 3955 845 4133 Herz.
1566 3990 1885 4107 Dein A.
