3782 4638
2640 293 3306 456 9.7.1930. Bl. 2.
618 481 1108 662 Über mich.
646 622 3536 754 Heini ist recht vergnügt -vermeidet vor (äufig das Wesentliche zu berük-
654 762 3529 908 ren. Neulich Abend Paul M. und Louis Böhm bei uns. Heute während ich bei
649 930 3349 1051 Geyer in der Direktion sass, war Heini mit Paul Marx im Theater bei
660 1038 3028 1184 den Sabinerinnen, wozu ich mich nicht entschliessen konnte.
669 1173 2337 1326 - Morgen Mittag Hofrat P., Abend Familie.-
1149 1265 1414 1350 unmüde
661 1308 3533 1442 Ich bin nicht xxx und höhere Luft wird mich hoffentlich gut thun.
633 1447 3511 1571 - Ich danke Dir sehr für Deinen Brief, - wenn es Dir keine Mühe xxx
626 1579 3408 1701 macht - und ich glaube, Du schreibst nicht nur tausendmal besser, son-
661 1696 3151 1834 dern auch lieber als ich, behalte diese schöne Gewohnheit bei.
3349 1709 3557 1884 nun
643 1790 3500 1956 Und am Samstag um 9 herum telefonier ich, mein Kind. Man hört gut -und
654 1956 3422 2092 die sekundenlangen Unterbrechungen enervieren einigermassen. Aber es
656 2106 3424 2225 ist doch sehr beruhigend, dass man immer die Möglichkeit einer so ra-
660 2232 3453 2332 schen Verbindung hat. Deine Stimme hat frisch geklungen und klar. Ich
629 2357 3404 2477 bin überzeugt, diese Kurtage werden vor allem Deinen Nerven gut thun.
651 2481 3301 2593 Ich bin mit den innigsten Wünschen und tausend Grüssen Dein A.
