3771 4723
612 270 1389 463 Forts.v.27.2.1931.
590 484 2491 676 kaum ein Wort mit mir gesprochen. Das Ende naht.
589 627 3368 749 28.2.A. auf einen Sprung bei mir.Geht zu Tisch (trotz Diktiertag) zu
591 744 3301 942 Julius, weil Lilt Krauss dort ist. Am Abend ins Konzert Lili Krauss.
595 916 3317 1074 im Industriehaus wird mein Gedicht "Wissen um den Tod" aufgeführt -
632 1060 3321 1211 ich habe Harry gebeten hinzugehen, damit es doch jemand hört. Meine
633 1158 2119 1325 Temperatur 37.4,meine Verfassung -
600 1302 3362 1467 1. März. Bei A. zu Tisch mit Benedikt, Hofrätin Z., Gerty Hofmannsthal.
608 1414 3155 1605 Ich war etwas taumelig auf meinen Füssen und durch viel Alkohol
609 1582 3486 1689 geistig wenigstens frisch. Trotzdem glaube ich, dass die Hofrätin bemerkt
597 1695 2443 1815 hat, dass A. und ich anders zueinander stehen.
594 1806 3536 1977 2. März. Hochzeitstag meiner Eltern. Sturm und etwas Sonnenschein. Schlecht
606 1951 3099 2101 geschlafen. Räume und ordne, um nicht zu denken und denke doch.
604 2070 3253 2209 3.3. Bei Carry im Spital gewesen, erst jetzt erfahren, dass man ein
572 2182 3441 2362 Abszess an der Rippe geöffnet hat (in Markose). Man hat es mir verheim-
608 2333 3416 2482 licht, da ich mit Grippe doch nicht zu ihm hätte dürfen. Er ist gottlob
610 2431 3284 2629 fieberfrei und fidel. Nachher mit A. in einem langweiligen Film und
614 2590 3434 2721 jeder für sich nachhause. Heute sollen wir in die Oper (Opernball) und
615 2742 3365 2874 ich will auch nachher zu mir nachhause, das Zusammensein ist zur Qual
613 2871 1003 3005 geworden.
604 2981 3293 3136 4.3. Der gestrige Abend war schrecklich langeilig. Wir haben keine
606 3078 3320 3245 zehn Worte miteinander gesprochen und die Oper war auch öd.Nein, ich
596 3250 3466 3411 mag nicht mehr. Bei Carry, den es gut geht. Heute Besuch bei Frau Clau-
616 3373 3272 3514 ser, die etwas leidend ist, dann zu Cary. Nachher will ich nachhaus.
642 3527 2574 3649 Abend Carry Temperaturerhöhung, ich bin besorgt.
603 3631 3466 3775 5.3.Carry Fieber. Nachmittag 39.5. Niemand weiss woher.Vielleicht eine
611 3779 3288 3888 metastatische Bildung eines neuen Abzzesses, vielleicht Grippe. Habe
603 3900 3233 4047 noch eh ich es wusste jedes Zuzammensein mit A. abgelehnt. Von 2-7
593 4020 3481 4136 bei Carry. Man darf nicht über Nacht im Spital bleiben. Es gibt Schlaf-
602 4177 915 4293 mittel.
3513 112 3652 306 155
