3698 4686
558 264 1368 437 An A.S. nach Berlin.
2221 285 2884 453 Wien,5.12.1927.
629 460 1055 620 Liebster,
1001 601 3357 742 Du wirst diesen Brief vielleicht verspätet erhalten, da ich
613 763 3366 907 am Vormittag nicht dazu kam Dir zu schreiben und ihn jetzt mit Emma
633 897 1374 1024 zur Post schicke.
991 1005 3242 1150 Ich freue mich sehr, dass Dir mein Preis Vergnügen macht
644 1130 3257 1282 und Du mir so nett darüber schreibst. Ueber die Bedingungen aber,
679 1305 3206 1433 unter denen Du mich noch lieber hast, muss ich lächeln. Gewiss
625 1412 3281 1540 verstehe ich, dass Du für das Zusammensein mit Heini ein paar Tage
628 1545 3309 1661 länger in Berlin bleibst, ich gönne Dir dieses Vergnügen von ganzem
622 1678 3311 1812 Herzen und setze somit Deinen Gefühlen zu mir keinerlei Schranken.
630 1810 3268 1950 Was ich nicht verstehe und nie verstehen werde, das weisst Du sehr
629 1928 3339 2054 wohl.-Aber tue nur, was Du nicht lassen kannst und was Dir Vergnügen
648 2075 3197 2171 macht. Es ist vielleicht Sitte in Berliner Kreisen geschiedene
657 2200 3395 2321 Leute zusammen einzuladen. Frau S.F. etc. müssen ihre Sensatiönchen
616 2331 3350 2432 haben. Ich erinnere mich noch, mit welcher Wollust sie in Lugano die
611 2425 2493 2588 Ehegeschichten des Herrn Flake zum Besten gab.
1093 2589 3263 2721 Ich hatte heute ein längeres Gespräch mit Paul W. Wir
652 2708 3430 2861 gratuliertenuns gegenseitig an. Auf seine Kritik der Géraldy-Gedich-
616 2825 3337 2981 te bildet er sich viel ein, sagt, er habe an manchen Stellen ein Auge
623 2980 2958 3094 zugedrückt. Aber - er hat die Originale gar nicht gelesen!
1074 3082 3294 3252 Alle möglichen und unmöglichen Leute haben mich in den
590 3246 3490 3394 letzten Tagen angerufen, um mir zu gratulieren, ich war schon ganz müde.
1072 3369 3367 3540 Gestern Vormittag war Anna bei mir, gestern Mittag Henry,
582 3500 3285 3639 dann arbeitete ich und um 17 holten mich Hermine und Paula mit dem
586 3632 3253 3762 Auto, um 9 Uhr war ich zuhause und mit Frank Harris im Bett. Heute
602 3766 3329 3904 Vormittag Stadt, Mittag Karl, da Magda für ein paar Tage am Semmering
637 3871 3358 4035 ist. Für Nachmittag und Abend habe ich alle Verlockungen abgelehnt,
593 3984 1753 4157 ich brauche Ruhe und Arbeit.
1022 4143 3368 4291 Paul W. äusserte sich sehr begeistert über Deine Aphoris-
3456 87 3575 197 81
