<?xml version="1.0" encoding="UTF-8" standalone="yes"?>
<PcGts xmlns="http://schema.primaresearch.org/PAGE/gts/pagecontent/2013-07-15" xmlns:xsi="http://www.w3.org/2001/XMLSchema-instance" xsi:schemaLocation="http://schema.primaresearch.org/PAGE/gts/pagecontent/2013-07-15 http://schema.primaresearch.org/PAGE/gts/pagecontent/2013-07-15/pagecontent.xsd">
    <Metadata>
        <Creator>prov=READ-COOP:name=TrHtr:version=0.0.6:model_id=44522:date=18_11_2022_04:28</Creator>
        <Created>2022-11-17T16:34:30.699+01:00</Created>
        <LastChange>2022-11-18T04:28:44.814Z</LastChange>
        <TranskribusMetadata docId="1233893" pageId="50260559" pageNr="172" tsid="104226083" status="IN_PROGRESS" userId="40391" imgUrl="https://files.transkribus.eu/Get?id=GBRAXSJMBICYFQVEJGCLRELB&amp;fileType=view" xmlUrl="https://files.transkribus.eu/Get?id=JCMZHBKYAOLNTMOLMFSXKZMS" imageId="41049002"/>
    </Metadata>
    <Page imageFilename="HIN-155550_0172.tif" imageWidth="3702" imageHeight="4666">
        <ReadingOrder>
            <OrderedGroup id="ro_1670241784055" caption="Regions reading order">
                <RegionRefIndexed index="0" regionRef="r1"/>
            </OrderedGroup>
        </ReadingOrder>
        <TextRegion id="r1" custom="readingOrder {index:0;}">
            <Coords points="624,109 624,4474 3597,4474 3597,109"/>
            <TextLine id="r1l1" custom="readingOrder {index:0;}">
                <Coords points="2148,448 2430,408 2789,431 2942,398 2940,312 2893,289 2822,323 2728,304 2550,333 2517,309 2453,340 2395,313 2346,343 2145,344"/>
                <Baseline points="2163,404 2201,405 2239,405 2277,407 2315,407 2353,407 2391,406 2429,405 2467,404 2505,404 2543,402 2581,401 2619,399 2657,398 2695,396 2733,394 2771,393 2809,392 2847,390 2885,389 2924,387"/>
                <TextEquiv>
                    <Unicode>22.1.1925. Bl.2.</Unicode>
                </TextEquiv>
            </TextLine>
            <TextLine id="r1l2" custom="readingOrder {index:1;}">
                <Coords points="651,650 3119,619 3384,598 3382,516 649,575"/>
                <Baseline points="669,644 803,642 938,639 1073,638 1208,635 1343,631 1477,628 1612,625 1747,621 1882,617 2017,614 2151,611 2286,606 2421,603 2556,599 2691,596 2825,591 2960,588 3095,585 3230,582 3365,579"/>
                <TextEquiv>
                    <Unicode>Zimmer nicht vielleicht schon morgen statt erst am 21. haben könnte.</Unicode>
                </TextEquiv>
            </TextLine>
            <TextLine id="r1l3" custom="readingOrder {index:2;}">
                <Coords points="608,812 3190,725 3188,650 2908,625 606,705"/>
                <Baseline points="624,774 751,773 878,771 1006,770 1133,767 1260,764 1388,761 1515,757 1642,755 1770,751 1897,747 2024,744 2152,740 2279,737 2406,733 2534,729 2661,726 2788,723 2916,720 3043,717 3171,714"/>
                <TextEquiv>
                    <Unicode>Und richtig - es ging. So fuhr ich denn schon am 20. um 11 von</Unicode>
                </TextEquiv>
            </TextLine>
            <TextLine id="r1l4" custom="readingOrder {index:3;}">
                <Coords points="621,945 3128,877 3245,796 619,838"/>
                <Baseline points="638,905 767,903 896,902 1026,899 1155,897 1285,894 1414,891 1544,888 1673,885 1803,881 1932,878 2061,875 2191,871 2320,867 2450,864 2579,861 2709,857 2838,854 2968,852 3097,849 3227,846"/>
                <TextEquiv>
                    <Unicode>Zürich ab - zur Bahn geleitet von dem "Betreuer" Herbert Steiner,</Unicode>
                </TextEquiv>
            </TextLine>
            <TextLine id="r1l5" custom="readingOrder {index:4;}">
                <Coords points="615,1040 3266,1004 3231,891 614,979"/>
                <Baseline points="633,1034 763,1032 894,1031 1025,1029 1156,1026 1286,1025 1417,1022 1548,1019 1679,1016 1809,1013 1940,1010 2071,1007 2202,1004 2332,1000 2463,996 2594,993 2725,990 2855,987 2986,984 3117,980 3248,977"/>
                <TextEquiv>
                    <Unicode>der mir noch überdies ein Buch von Paul Valéry, eine Essaysammlung</Unicode>
                </TextEquiv>
            </TextLine>
            <TextLine id="r1l6" custom="readingOrder {index:5;}">
                <Coords points="610,1165 3308,1130 3306,1040 3126,1034 609,1090"/>
                <Baseline points="627,1160 760,1160 893,1160 1026,1158 1159,1157 1292,1155 1425,1152 1558,1150 1691,1146 1824,1143 1957,1140 2090,1136 2223,1133 2356,1128 2489,1125 2622,1122 2755,1118 2888,1115 3021,1113 3154,1110 3288,1107"/>
                <TextEquiv>
                    <Unicode>" Variété" als Geschenk überreichte. - Schon in Sarganz schwand der</Unicode>
                </TextEquiv>
            </TextLine>
            <TextLine id="r1l7" custom="readingOrder {index:6;}">
                <Coords points="632,1312 3275,1273 3367,1185 629,1204"/>
                <Baseline points="648,1293 783,1292 918,1290 1053,1289 1188,1286 1323,1284 1458,1281 1594,1278 1729,1275 1864,1272 1999,1268 2134,1265 2269,1262 2404,1259 2540,1254 2675,1251 2810,1248 2945,1244 3080,1242 3215,1239 3351,1236"/>
                <TextEquiv>
                    <Unicode>Nebel, und ich kam um 4 Uhr bei dem üblichen strahlenden Sonnenschein</Unicode>
                </TextEquiv>
            </TextLine>
            <TextLine id="r1l8" custom="readingOrder {index:7;}">
                <Coords points="669,1461 3208,1416 3288,1292 666,1364"/>
                <Baseline points="686,1427 815,1425 944,1422 1073,1421 1203,1418 1332,1415 1461,1412 1591,1409 1720,1406 1849,1403 1979,1400 2108,1397 2237,1394 2366,1391 2496,1388 2625,1384 2754,1381 2884,1377 3013,1374 3142,1371 3272,1368"/>
                <TextEquiv>
                    <Unicode>in St. Moritz an. Das Parkhotel, das -gleich neben Haselmann - ein</Unicode>
                </TextEquiv>
            </TextLine>
            <TextLine id="r1l9" custom="readingOrder {index:8;}">
                <Coords points="641,1580 3428,1514 3332,1394 639,1501"/>
                <Baseline points="660,1559 797,1557 935,1554 1072,1551 1210,1548 1347,1545 1485,1542 1622,1541 1760,1538 1897,1534 2035,1531 2173,1528 2310,1524 2448,1521 2585,1518 2723,1515 2860,1511 2998,1508 3135,1505 3273,1500 3411,1497"/>
                <TextEquiv>
                    <Unicode>wenig zurückliegend, - sich sofort nach Eintritt als ein sehr vornehmes</Unicode>
                </TextEquiv>
            </TextLine>
            <TextLine id="r1l10" custom="readingOrder {index:9;}">
                <Coords points="650,1709 3397,1631 3370,1549 648,1616"/>
                <Baseline points="669,1686 804,1686 939,1685 1075,1682 1210,1680 1346,1679 1481,1676 1617,1673 1752,1670 1888,1666 2023,1663 2158,1659 2294,1656 2429,1653 2565,1649 2700,1646 2836,1643 2971,1640 3107,1638 3242,1635 3378,1632"/>
                <TextEquiv>
                    <Unicode>Gasthöfchen präsentiert. Der Direktor etwas japanisch aussehend na-</Unicode>
                </TextEquiv>
            </TextLine>
            <TextLine id="r1l11" custom="readingOrder {index:10;}">
                <Coords points="650,1842 2610,1845 3222,1803 3280,1687 648,1759"/>
                <Baseline points="666,1821 795,1820 925,1817 1055,1814 1185,1812 1315,1809 1445,1806 1574,1803 1704,1800 1834,1797 1964,1794 2094,1791 2224,1788 2354,1785 2483,1782 2613,1779 2743,1777 2873,1774 3003,1771 3133,1769 3263,1766"/>
                <TextEquiv>
                    <Unicode>türlich charmant - der Kurdirektor in höchst eigener Person hatte</Unicode>
                </TextEquiv>
            </TextLine>
            <TextLine id="r1l12" custom="readingOrder {index:11;}">
                <Coords points="685,1999 2052,1912 3375,1965 3483,1798 683,1909"/>
                <Baseline points="702,1952 840,1949 978,1946 1116,1944 1255,1941 1393,1938 1531,1935 1670,1933 1808,1930 1946,1928 2085,1925 2223,1922 2361,1919 2499,1914 2638,1911 2776,1908 2914,1905 3053,1902 3191,1898 3329,1895 3468,1890"/>
                <TextEquiv>
                    <Unicode>mir das Zimmer reservieren lassen - geräumig, kein eigentliches Hotel-</Unicode>
                </TextEquiv>
            </TextLine>
            <TextLine id="r1l13" custom="readingOrder {index:12;}">
                <Coords points="680,2114 3488,2045 3485,1916 678,1995"/>
                <Baseline points="696,2082 834,2081 973,2079 1112,2076 1250,2073 1389,2070 1528,2067 1666,2064 1805,2061 1944,2058 2083,2055 2221,2052 2360,2049 2499,2046 2637,2042 2776,2039 2915,2036 3053,2033 3192,2030 3331,2027 3470,2024"/>
                <TextEquiv>
                    <Unicode>zimmer, wie ja das ganze Hotel aus einem Engadiner Haus erst adoptiert</Unicode>
                </TextEquiv>
            </TextLine>
            <TextLine id="r1l14" custom="readingOrder {index:13;}">
                <Coords points="655,2237 3536,2206 3461,2082 653,2126"/>
                <Baseline points="672,2216 814,2213 956,2210 1098,2207 1240,2204 1383,2201 1525,2198 1667,2195 1809,2192 1951,2189 2094,2186 2236,2183 2378,2180 2520,2177 2662,2175 2805,2172 2947,2169 3089,2166 3231,2163 3373,2160 3516,2157"/>
                <TextEquiv>
                    <Unicode>wurde, mit schönem Blick nach Süden, auf den See und die Berge, -ich packte</Unicode>
                </TextEquiv>
            </TextLine>
            <TextLine id="r1l15" custom="readingOrder {index:14;}">
                <Coords points="650,2384 3293,2338 3201,2193 648,2273"/>
                <Baseline points="666,2345 796,2342 926,2340 1057,2337 1187,2336 1318,2333 1448,2330 1579,2328 1709,2325 1840,2322 1970,2319 2100,2316 2231,2313 2361,2312 2492,2309 2622,2306 2753,2303 2883,2301 3014,2298 3144,2296 3275,2294"/>
                <TextEquiv>
                    <Unicode>aus, spazierte, da die Sonne schon untergegangen war, nur ein wenig</Unicode>
                </TextEquiv>
            </TextLine>
            <TextLine id="r1l16" custom="readingOrder {index:15;}">
                <Coords points="654,2552 799,2478 3189,2476 3461,2445 3459,2355 651,2420"/>
                <Baseline points="669,2472 807,2471 946,2469 1085,2468 1224,2465 1362,2462 1501,2460 1640,2457 1779,2454 1917,2451 2056,2448 2195,2445 2334,2442 2472,2439 2611,2436 2750,2433 2889,2430 3027,2427 3166,2424 3305,2421 3444,2420"/>
                <TextEquiv>
                    <Unicode>durch die Strassen, ersetzte das versäumte Diner oder Lunch durch eine</Unicode>
                </TextEquiv>
            </TextLine>
            <TextLine id="r1l17" custom="readingOrder {index:16;}">
                <Coords points="695,2627 3188,2601 3326,2491 693,2530"/>
                <Baseline points="713,2604 842,2603 972,2600 1102,2598 1232,2595 1362,2594 1491,2591 1621,2588 1751,2585 1881,2582 2011,2580 2140,2577 2270,2574 2400,2571 2530,2569 2660,2567 2789,2564 2919,2561 3049,2558 3179,2555 3309,2553"/>
                <TextEquiv>
                    <Unicode>Hasemann-Jause, und verbrachte den Rest des Abends zuhause. Heller</Unicode>
                </TextEquiv>
            </TextLine>
            <TextLine id="r1l18" custom="readingOrder {index:17;}">
                <Coords points="654,2764 3230,2751 3511,2620 652,2667"/>
                <Baseline points="671,2735 812,2733 953,2731 1094,2729 1235,2726 1376,2724 1517,2721 1659,2718 1800,2715 1941,2712 2082,2709 2223,2706 2364,2703 2505,2700 2647,2697 2788,2694 2929,2691 3070,2688 3211,2685 3352,2683 3494,2681"/>
                <TextEquiv>
                    <Unicode>kleiner Speisesaal für circa 30 Personen, mässige Nacht mit Herzklopfen</Unicode>
                </TextEquiv>
            </TextLine>
            <TextLine id="r1l19" custom="readingOrder {index:18;}">
                <Coords points="696,2892 3197,2863 3499,2745 694,2784"/>
                <Baseline points="714,2864 852,2862 990,2861 1129,2859 1267,2856 1406,2855 1544,2852 1682,2849 1821,2846 1959,2843 2098,2840 2236,2837 2374,2834 2513,2831 2651,2828 2790,2825 2928,2822 3066,2819 3205,2816 3343,2813 3482,2811"/>
                <TextEquiv>
                    <Unicode>und allerlei Träumen,- z.B.; ich werde als Arzt in ein Hotel gerufen-</Unicode>
                </TextEquiv>
            </TextLine>
            <TextLine id="r1l20" custom="readingOrder {index:19;}">
                <Coords points="674,3064 3339,3015 3257,2855 1525,2947 671,2889"/>
                <Baseline points="690,2996 821,2994 952,2993 1084,2990 1215,2988 1347,2985 1478,2982 1609,2980 1741,2978 1872,2975 2004,2972 2135,2969 2266,2966 2398,2963 2529,2961 2661,2958 2792,2955 2923,2952 3055,2951 3186,2948 3318,2946"/>
                <TextEquiv>
                    <Unicode>unten in der Hall, die aber wie eine Bank aussieht, - sitzt quasi als</Unicode>
                </TextEquiv>
            </TextLine>
            <TextLine id="r1l21" custom="readingOrder {index:20;}">
                <Coords points="689,3150 3082,3129 3393,3101 3392,3015 687,3054"/>
                <Baseline points="708,3126 841,3125 974,3123 1108,3122 1241,3119 1374,3117 1508,3114 1641,3111 1774,3108 1908,3105 2041,3103 2174,3099 2308,3097 2441,3094 2574,3092 2708,3089 2841,3086 2974,3084 3108,3081 3241,3080 3375,3078"/>
                <TextEquiv>
                    <Unicode>Direktor.-Paul H.; sehr nobel mit grauen Hosen und überschlagenen</Unicode>
                </TextEquiv>
            </TextLine>
            <TextLine id="r1l22" custom="readingOrder {index:21;}">
                <Coords points="635,3273 3401,3261 3399,3164 3151,3112 1713,3205 633,3158"/>
                <Baseline points="654,3260 790,3258 926,3255 1063,3254 1199,3251 1336,3248 1472,3246 1609,3243 1745,3240 1882,3237 2018,3234 2154,3231 2291,3228 2427,3225 2564,3222 2700,3219 2837,3217 2973,3215 3110,3212 3246,3210 3383,3209"/>
                <TextEquiv>
                    <Unicode>Beinen, äusserst hochmütig, und telefoniert eben mit dem betreffenden</Unicode>
                </TextEquiv>
            </TextLine>
            <TextLine id="r1l23" custom="readingOrder {index:22;}">
                <Coords points="663,3420 3357,3391 3560,3355 3558,3251 661,3327"/>
                <Baseline points="681,3387 824,3386 967,3384 1110,3382 1253,3380 1396,3377 1539,3374 1682,3371 1825,3369 1968,3366 2111,3363 2254,3360 2397,3357 2540,3354 2683,3351 2826,3348 2969,3345 3112,3344 3255,3341 3398,3339 3542,3338"/>
                <TextEquiv>
                    <Unicode>Kranken wegen des Honorars für mich. Ich zerbreche mir den Kopf, was ich</Unicode>
                </TextEquiv>
            </TextLine>
            <TextLine id="r1l24" custom="readingOrder {index:23;}">
                <Coords points="706,3548 3060,3543 3363,3487 3361,3390 704,3466"/>
                <Baseline points="723,3519 854,3518 985,3515 1116,3512 1247,3509 1378,3507 1509,3504 1640,3501 1771,3498 1902,3497 2033,3494 2164,3491 2295,3488 2426,3486 2557,3483 2688,3482 2819,3479 2950,3477 3081,3474 3212,3473 3344,3471"/>
                <TextEquiv>
                    <Unicode>verlangen soll.- Ich erwache ziemlich katarrhalisch und warte die</Unicode>
                </TextEquiv>
            </TextLine>
            <TextLine id="r1l25" custom="readingOrder {index:24;}">
                <Coords points="639,3686 3473,3646 3471,3553 3309,3531 637,3568"/>
                <Baseline points="656,3647 803,3647 950,3645 1097,3644 1245,3641 1392,3639 1539,3636 1687,3633 1834,3630 1981,3627 2129,3624 2276,3621 2423,3618 2571,3615 2718,3612 2865,3610 3013,3608 3160,3606 3307,3605 3455,3603"/>
                <TextEquiv>
                    <Unicode>Sonne ab, um mich auf den nach Campher zu machen. Herrliche Strasse,</Unicode>
                </TextEquiv>
            </TextLine>
            <TextLine id="r1l26" custom="readingOrder {index:25;}">
                <Coords points="712,3792 3388,3789 3386,3671 710,3720"/>
                <Baseline points="731,3777 863,3777 995,3776 1127,3774 1259,3772 1391,3770 1523,3767 1655,3765 1787,3762 1919,3759 2051,3756 2183,3754 2315,3751 2447,3749 2579,3746 2711,3743 2843,3741 2975,3738 3107,3737 3239,3735 3371,3734"/>
                <TextEquiv>
                    <Unicode>wunderbare Luft (wie Champagner) - nur rutscht man ununterbrochen</Unicode>
                </TextEquiv>
            </TextLine>
            <TextLine id="r1l27" custom="readingOrder {index:26;}">
                <Coords points="708,3936 3544,3853 3460,3751 706,3832"/>
                <Baseline points="726,3908 873,3905 1020,3903 1167,3901 1315,3899 1462,3896 1609,3894 1757,3891 1904,3888 2051,3885 2199,3882 2346,3880 2493,3878 2641,3875 2788,3872 2935,3869 3083,3867 3230,3864 3377,3861 3525,3860"/>
                <TextEquiv>
                    <Unicode>und ich beschliesse meine Schuhe mit Gummi versehen zu lassen. Souvrit</Unicode>
                </TextEquiv>
            </TextLine>
            <TextLine id="r1l28" custom="readingOrder {index:27;}">
                <Coords points="683,4069 3266,4050 3326,3963 681,3965"/>
                <Baseline points="699,4038 829,4037 959,4035 1090,4034 1220,4032 1351,4029 1481,4026 1612,4023 1742,4022 1873,4019 2003,4016 2133,4013 2264,4011 2394,4008 2525,4006 2655,4004 2786,4002 2916,4001 3047,3999 3177,3999 3308,3999"/>
                <TextEquiv>
                    <Unicode>ta-Eisplatz - vielleicht der schönste der Welt. - durch die Lage,</Unicode>
                </TextEquiv>
            </TextLine>
            <TextLine id="r1l29" custom="readingOrder {index:28;}">
                <Coords points="672,4187 3405,4173 3525,4049 670,4112"/>
                <Baseline points="690,4170 838,4169 986,4166 1135,4164 1283,4161 1431,4159 1580,4156 1728,4154 1876,4151 2025,4148 2173,4145 2322,4142 2470,4139 2618,4137 2767,4134 2915,4131 3063,4128 3212,4125 3360,4123 3509,4121"/>
                <TextEquiv>
                    <Unicode>traum- durch die dort befindlichen Menschen-operettenhaft; - ich treffe</Unicode>
                </TextEquiv>
            </TextLine>
            <TextLine id="r1l30" custom="readingOrder {index:29;}">
                <Coords points="659,4319 3560,4247 3286,4159 658,4255"/>
                <Baseline points="678,4305 821,4304 964,4301 1107,4299 1251,4296 1394,4295 1537,4292 1680,4289 1824,4286 1967,4283 2110,4280 2253,4277 2397,4274 2540,4271 2683,4268 2826,4265 2970,4262 3113,4259 3256,4256 3399,4253 3543,4250"/>
                <TextEquiv>
                    <Unicode>O.; Frau Koppel und irgend eine Berlin Familie. Lili hat eben Skistun-</Unicode>
                </TextEquiv>
            </TextLine>
            <TextLine id="r1l31" custom="readingOrder {index:30;}">
                <Coords points="681,4465 3504,4401 3254,4288 680,4383"/>
                <Baseline points="699,4442 838,4439 977,4436 1116,4433 1256,4431 1395,4428 1534,4425 1674,4422 1813,4419 1952,4416 2092,4413 2231,4411 2370,4408 2509,4406 2649,4403 2788,4400 2927,4397 3067,4394 3206,4391 3345,4388 3485,4385"/>
                <TextEquiv>
                    <Unicode>de. Ich sitze eine Stunde in der Sonne und spaziere dann den gleichen</Unicode>
                </TextEquiv>
            </TextLine>
            <TextLine id="r1l32" custom="readingOrder {index:31;}">
                <Coords points="3417,239 3459,249 3478,240 3526,261 3553,287 3611,291 3620,137 3591,146 3543,107 3525,121 3507,116 3499,123 3479,110 3464,120 3424,121"/>
                <Baseline points="3438,209 3464,209 3491,209 3517,210 3544,211 3570,215 3597,221"/>
                <TextEquiv>
                    <Unicode>122</Unicode>
                </TextEquiv>
            </TextLine>
            <TextEquiv>
                <Unicode>






























</Unicode>
            </TextEquiv>
        </TextRegion>
    </Page>
</PcGts>
