3770 4718
2501 309 3273 455 17.4.1928. Bl. 3
805 480 3246 639 von der Polizei das griechische Vizum vidieren lassen.– Heute
805 640 3303 758 wurden uns allen die Pässe schon für die Türkei abgenommen. Sie
799 784 3472 912 zittern für die Dardanellen (und ich schwöre, dass niemand auf dem
792 917 3404 1035 Schiff kriegerische Absichten hat, weder der Oberstleutenant noch
785 1056 3316 1161 der Faschist. Dieser Brief soll in Piräus ans Land gebracht und
794 1166 3450 1306 von dort mit der Luftpost weiterbefördert werden. So heisst es im
798 1312 1141 1440 Büreau.
828 1420 3558 1539 Für heute, mein Liebstes, sag ich Dir Adieu und umarme Dich zärtlich.
1776 1569 2002 1687 Dein
1981 1702 2118 1815 A.
