3770 4634
620 291 1354 433 T gb. 22.12.1929.
665 493 3467 620 Gestern Abend Première "Spiel der Sommerlüfte".Grosser, herzlicher Er-
654 646 3463 766 folg. Mit Carry und Magda in einer Loge. A. bis zur Mitte des 2. Aktes
661 774 3477 909 bei uns, nach Schluss Jubel, besonders des Galeriepublikums. A. unzählige-
653 884 3427 1046 male hervorgerufen. Ich holte ihn nach der Vorstellung bei der Bühne
692 1033 3505 1132 ab. Ein Stückchen zu Fuss in der schönen Winternacht. Dann mit Auto zu
653 1147 3462 1302 ihm in die Sternwartestrasse. Er sehr befriedigt und animiert. Liebe-
663 1309 3179 1408 voll-freundliches Zusammensein, aber doch ohne wirkliche Wärme.
647 1447 3502 1600 23.12. Bei A. Trotz des Erfolges sehr nervös. Gespräche über seine Ab-
652 1607 2131 1783 reise und beiderzeitige Gereiztheit.
663 1783 3409 1953 24.12. Weihnachtsabend. Mittag Herry. Gegen Abend Carry und Magda auf
671 1910 3501 2045 einen Sprung. Dann ich auf etwa eine Stunde zu A., der um 8 Uhr zu sei-
652 2086 2127 2223 nem Bruder fuhr. Ich allein zuhause.
656 2213 2647 2413 26.12.A. Mittag bei mir. Anflug von Zärtlichkeit.
652 2451 3419 2616 27.12. A heute um 6.20 nach Berlin. War Mittag bei ihm. A. schreck-
655 2594 3337 2684 lich nervös. Ich schlage vor ihn zur Bann zu begleiten, er lennt es
3257 2625 3524 2774 selbst
687 2687 3535 2825 haftig und unwirsch vor Frieda ab. Kaum ist sie fort schlägt er es mir
658 2837 3442 2985 gehört vor. Wir kommen 1½ Stunden zu früh an die Bahn, sitzen erst im
644 2977 3425 3104 Restaurant, dann geht er eingehängt mit mir am Perron auf und ab. Ich
658 3118 3404 3224 muss mir auch seinen Schlafwagen ansehen. Viel Ungesprochenes bleibt
647 3245 3491 3373 zwischen uns. Wenn er wüsste, wie ich mich gesundheitlich um ihn sorge,
662 3364 2564 3527 von allen andern brüben Gedanken abgesehen.- -
650 3528 3445 3665 28.12. Gemlich Tee bei mir mit Hermine, Pauli, Hans und Gattin,Carry und
2359 3657 2544 3731 mit
646 3677 3416 3788 Magdi und Herry. Erste Begegnung ist Herry und Magda seit ihrem Bös-
649 3835 2689 3959 sein. Sie sehr kindisch und er ein einiger Lausbub.
643 3968 3446 4143 29.12. Kurzer Anruf aus Berlin, offenbar um sich einen Brief zu erspa-
641 4156 3447 4290 ren. Er war gestern nach der Ankunft Mittag und Abend bei 0. mit Ar-
2278 4250 3678 4408 ndero Heini und Ruth besammen.
