3799 4707
485 425 3587 563 Wozu wiederholen, womit unzählige zwecklose und quählende Gespräche erfüllt
486 547 3508 695 waren, die zu nichts führten, wenn es auch an meiner Nachsicht und mei¬
496 681 1932 812 nem guten Willen nicht gefehlt hat.
484 789 3468 992 Aber ich will in diesen Zeilen jedes böse Wort vermeiden. Ich bin am Ende
489 940 1482 1098 meiner Kraft angelangt.
482 1091 3378 1218 Ich habe dir Alles gegeben was ich konnte und wenn ich dir dabei nicht
485 1237 3488 1357 mehr geworden bin, so wird wol meine Unzulänglichkeit Schuld daran sein.
479 1359 3428 1494 Der kleine Raum den ich in Deinem Leben einnehm wird wol bald ausgefüllt
493 1467 724 1638 sein.
474 1606 3497 1745 Lebwol! Vielleicht wirst du mich eines Tages verstehen und im Guten meiner
484 1720 2300 1889 gedenken. Ich wünsche Dir alles alles Gute.
1517 1862 2176 2006 Clara Katharina
