3771 4723
676 305 1366 479 Tgb. 11.11.1930.
697 513 3412 673 Ich bin machtlos. Im Sommer hat D. erklärt, das Herz sei ganz gesund,
695 619 3423 784 kein Grund, um die Reise in das Engadin zu verbieten. Und wie ist A.
703 803 1811 920 von dort zurückzu gekommen.
691 873 3554 1046 Ich fühle erst jetzt, wie A. mein ganzes Leben ausmacht und wie ich ihn
735 1037 3045 1158 trotz allem lieb habe. Ich vermag nicht weiter zu denken.
706 1144 972 1228 12.11.
706 1176 3366 1320 Versuchte Dr. D. von einem Postamt zu erreichen. Er war schon fort.
701 1325 3316 1482 Schliesslich ihn von meiner Wohnung aus angerufen. A.'s Herz ge-
707 1430 3300 1576 schwächt durch andauernd erhöhten Blutdruck. Absolut gegen jedes
702 1546 3424 1719 mittel. D. behauptet, es sei besser,A. ahne nicht, dass er krank ist,
704 1676 3308 1811 als dass man sein Leben vielleicht durch Mittel und Verordnungen
711 1828 3379 1954 verlängere. Man kann doch Mittel in einer unauffälligen Form verab-
713 1942 3463 2082 reichen. Ich versteh das alles nicht. Er sagt: "Nur keine Aufregung
702 2089 3366 2208 hervorrufen, keine Besorgnis zeigen". Wie soll man das zu Wege bri¬
706 2247 902 2348 gen?
717 2346 3343 2477 14.11. Er hat gestern Abend bei Julius abgesagt, wegen andauernder
716 2489 3342 2618 Ueblichkeiten. Zeitweise etwas besser, dann wieder vollkommene Er-
751 2631 3422 2729 schöpfung. Er erzählt mir, dass er Vormuttag zum Burgtheaterschnei-
706 2742 3338 2878 der vier Stockwerke hinaufgestiegen ist wegen seines Schlafrocks.
702 2860 3260 2985 Warum verbietet man ihm nicht dergleichen Anstrengungen? Ist es
717 2992 3396 3147 besser, wenn ihn sein Befinden ängstlich macht als vernünftige Ver-
700 3128 1149 3258 ordnungen?
708 3247 3334 3381 Telefonierte heute wieder mit Dr.D., flehte ihn an doch in dieser
712 3402 1628 3544 Richtung etwas zu tun.
708 3516 3394 3624 Nichts als Sorgen und trübe Gedanken. - Mittag Harry, der auf seiner
717 3642 3459 3785 Stelle wackelt. Man nimmt ihm seine Heirat und seine Scheidung übel.
712 3809 3380 3901 Die Kornbaugesellschaft, bei der Otto als Advokat pauschaliert ist,
720 3917 3438 4050 ist auch in Schwierigkeiten. Es war bisher die einzig sichere Ein-
712 4043 1515 4152 nahme, die er hatte.
706 4169 3391 4337 15.12. Gestern Abend mit A. bei "Das Reich Gottes in Böhmen" (Wer-
3581 127 3675 265 128
