3743 4647
595 242 785 403 26
521 401 3291 549 ihm gegessen dann nach Tisch in der Sonne gesessen. Er schlummerte.
430 495 3261 678 Abend mit ihm bei einem dummen Film " EVA" dann bei Pohl genachtmahlt.
437 686 2818 816 A. kaum gegessen. Magen- Verstimmung u. Finanzielle Sorgen.
432 789 3390 961 12 ten Okt. - A. rief mich um 8 Uhr Abend an, ob ich mit ihm in ein Kino
437 927 3363 1053 will. Selbstverständlich wollte ich, bin froh wenn er mich ruft. Leider
438 1030 3485 1181 idiotischer Film " Purpur und Waschblau" mit der Niese. A. schlief fast die
430 1187 912 1312 ganze Zeit.
427 1277 3354 1462 13 ten- V. M. kam A. zu mir in den Garten. Wir sassen eine Weile in der
425 1449 3540 1577 Sonne, dann fuhren wir zusammen in die Stadt und trennten uns beim Uhrmacher
423 1585 3508 1739 Resl. A. schien etwas woler. erzählte mir dass er Donnerstag mit der Cl. die
433 1697 3507 1854 ihn angerufen hat ( als ob sie das nicht sehr oft täte) und ihrem Sohn der
422 1843 3436 2022 sich den "Lohengrin zu seinem 10 ten Geburtstag gewünscht hat in die Oper
432 1965 3427 2104 geht. " Natürlich auch mit dem Mann der Cl. "fügte er hinzu. Er habe eine
412 2062 3447 2236 Loge bestellt und wolle eventuel auch die Gross-Mutter Ellbogen mitnehmen.
414 2212 3186 2395 Ich gieng ganz gleichgiltig darüber hinweg. Wenn es nur das wäre-
408 2325 3159 2519 Mittag war er angeblich bei Julius, aber ich bin nicht ganz sicher-
428 2485 3428 2639 Ich hatte D'r D. gebeten seinen Onkel bei dieser Gelegenheit wieder anzue
425 2586 3513 2727 sehen, da er ja jetzt in selben Haus wohnt und mich dann anzurufen, aber
424 2767 3409 2919 er hat es nicht getan- D's Benehnen überhaupt jetzt merkwürdig- Wo ist das
417 2863 3456 3065 freundschaftliche Interesse? Ich arbeite viel. Abend allein A. Besuch bei
422 2992 723 3092 Specht.
430 3055 816 3173 14 Chtober
425 3082 3426 3262 14 Heute hat sich A. von selbst zum Nachtmal u. Radio (Conzert Tauber) b
408 3274 3397 3432 bei mir angesagt. Heute zun erstenmal seit mehr als einem halben Jahr
403 3401 3365 3576 hat A. mich zu sich gerufen, ich soll mich auf die Lehne des Lehn stules
403 3497 3499 3666 setzen, in dem er sass. Dann nahm er meine Hand küsste sie legte sie sich
446 3649 3450 3829 auf seine Stirne und schliesslich um seinen Nacken. Ich hielt seinen armen
406 3759 3441 3905 blassen Kopf in tiefer Ergriffenheit an mich gedrückt. - Gott wenn nur, D'r
407 3918 3439 4110 D. mir nicht diese beispiellose Angst und Qual ins Herz gesenkt hätte, wie
404 4015 921 4182 froh wär ich
3449 129 3617 292 250
