3771 4710
664 229 1303 393 Tgb. 23.1.1930.
668 385 3242 552 Wenn er Liebe für mich empfände liesse er mich nach dem gestrige
671 516 3351 669 Abend allein? Um 8 Uhr Abend rief er mich nochmals an. Er arbeitet
669 670 2590 805 am "Zug der Schatten". Ich kann nicht arbeiten.
655 911 3354 1080 24.1. Den ganzen Tag allein, nur um die Mittagszeit ein wenig in die
662 1067 3474 1182 Kälte hinaus. Anruf Friedas, sie bedauert mich, aber ich fühle, dass sie
663 1192 3454 1329 nicht aufrichtig zu mir ist. Es ist kein Zweifel, dass sie mit A. über
670 1336 3547 1474 seine Beziehung zu mir spricht. Sie stellt es etwa so dar, er ist gleich-
657 1454 3545 1622 giltig gegen alles geworden, ist am liebsten allein,möchte aber gleich-
663 1587 1829 1713 zeitig, dass ich nicht leide.
661 1687 3423 1831 Ich kann nicht, ich kann icht kann, nicht. Heute soll ich mit ihm ins
661 1829 3445 1991 Kino. Sage ich Nein, - wird eine Szene daraus, gehe ich wirds eine Qual.
661 1978 3341 2131 Dr.Dr. telefonisch gesprochen. Er findet A.'s Befinden sehr gut. Er
668 2125 3456 2251 kommt morgen zu mir. Abend Tonfilm "Atlantis". Qualvoller, aufregender
695 2229 3325 2371 Film. Mir stürzten die Tränen aus den Augen. A. hält meine Hand,
701 2362 3346 2474 sanft, fast zärtlich. Auf der Heimfahrt küsst er mich. Ich frage -
658 2518 3446 2660 warum? wenn Du mich nicht liebst? xxx Er: "Das habe ich nie gesagt.
644 2625 3378 2744 Du verstehrt mich nicht - ich bin seelisch krank". -Nein, das versteh
660 2748 1459 2891 ich wirklich nicht.
646 3003 3362 3134 26.1. Nachmittag Dr. D. bei mir. Friedet A. in keiner schlechten Ver-
658 3159 3442 3320 fassung, nur Blutdruck sehr geisteigert. Er hat die Ueberzeugung, dass
643 3256 3459 3402 A. mich liebtund braucht und dass seine Stimmungen krankhaft sind. Ich
654 3395 1407 3556 soll Geduld haben.
628 3519 3419 3682 Dann bei A, ganz unpersönliche Gespräche. Grosser Bernhardierfolg in
646 3671 3494 3838 Berlin etc. Nach dem Nachtmahl Klawierspiel, dann wieder Konversationen
645 3809 3326 3949 ganz belangloser Art. Ich bin äusserlich sehr freundlich, innerlich
646 3916 1039 4049 zerquält.
624 4110 3484 4362 27.1.Abend im Kino (Weis ser Flieder). Nachher wieder Weingartel-Restau-
644 4327 3407 4491 rant genachtmahlt. Zunehmende Zärtlichkeit. Vielleicht wird doch noch
