3674 4686
1812 304 2422 454 Wien, 3.1.1929.
618 274 1427 465 An A.S. nach Berlin.
590 549 1339 710 Mein sehr Liebes,
1142 694 3310 838 ich danke Dir sehr für Deine besonders lieben Zeilen,
615 832 3193 952 die ich gestern Abend erhielt und ein wenig gute Wärme in meine
626 973 3392 1099 etwas trübselige Einsamkeit brachten. Ich hoffe, Du hältst mich nicht
632 1083 3306 1228 für vergnügungssüchtig, weil ich von dieser Einsamkeit spreche, aber
639 1243 3274 1363 ich war seit Samstag nicht in der Stadt und wenn selbst fallweise
649 1364 3248 1488 ein Besuch kommt oder ein Gast, so bin ich doch viele Stunden und
668 1490 3303 1608 viele lange Abende allein. Dieser viele viel e Schnee draussen ist
646 1621 3277 1746 ja wunderschön und ich schaue jeden Augenblick entzückt zu meinem
601 1765 3485 1897 F enster hinaus, aber er gibt einem noch mehr das Gefühl der Abgeschlos-
632 1863 3341 2023 senheit, das manchmal, vielleicht aus Nervosität zu einem Angstgefühl
644 1981 3450 2138 wird. Ich sollte und wollte heute Vormittag in die Stadt, um für meine
631 2114 3230 2257 Jausengäste (F.S. und Gattin und Sil Varas) einzukaufen. Aber der
627 2261 3254 2421 Verkehr mit der Elektrischen ist höchst problematisch. Vor jedem
627 2403 3315 2524 Wagen fährt eine Schneemaschine (ich hätte fast gesagt ein Eisbre-
614 2546 3316 2703 cher) und ein Auto ist mir zu kostspielig für den Zweck. So werden
642 2674 3394 2789 sich die Herrschaften mit Cottage- Produkten begnügen müssen. Ich war
628 2819 3320 2930 sehr froh gestern Frieda zu Tisch zu haben. Ich diktierte ihr dann
633 2910 3357 3057 einen Brief an den Verlag Weller und fünf grosse Seiten "Kammerdie-
632 3056 2407 3195 ner", an dem ich dann am Abend weiterschrieb.
1159 3186 3483 3308 Ueber die Chancen mit Elisabeth freue ich mich sehr. Hof-
641 3320 3329 3459 fentlich wird wirklich was daraus. Erinnerst Du Dich, dass es mein
645 3424 3368 3547 erster Gedanke war, als Du mir die "Else" zuerst vorgelsen hast. Ich
643 3570 3274 3702 sagte damals, das müsste die Bergner spielen. Ich sah es immer als
637 3725 3265 3839 eine Art Monodrama vor mir. Ich schreib Dir heute Abend wohl noch
634 3870 3355 3976 mehr. Jetzt muss ich mit meinen Röhrenstiefeln in den Schnee hinaus
647 3960 3288 4059 und einkaufen xxx xxx und zur Post. Ich freue mich schon so Dich
643 4023 3113 4118 wieder hier zu haben. In diesem Gedanken umarme ich Dich - - -
1410 4096 1868 4209 Deine C.K.
3433 111 3533 275 18
