3746 4638
593 265 1256 425 Tgb. 27.8.1930.
597 466 3451 612 eine wundervolle Sommernacht nachhause gegangen. Es ist, als ob er Angst
607 580 3540 766 hätte mich anzurühren oder auch nur anzusehen. Ich habe ihn in der Halle
607 750 2773 887 unten gelassen und bin in mein Zimmer hinaufgegangen.
603 844 3463 1016 Der Dr.Aisch sagte heute Vormittag, als ich kaum eine Minute bei ihm im
611 970 3367 1121 Zimmer war: "Sie sind sehr nervös, ich glaube, zu temperamentvoll, - Sie
620 1128 3455 1302 wären vielleicht fähig einen Mord zu begehen". Ich sagte: "Warum? Sieht
615 1249 2581 1383 man mir das an? " (Ich weiss - Dora Michaelis!!).
609 1382 3404 1534 28.8. Allein fortgelaufen, allein gefrühstück und erst um 10 Uhr nach-
614 1480 3425 1675 hause, wo A. mich bereits erwartete. Spazierfahrt mit Postauto Hohen-
614 1642 3450 1763 dorferhöhe, dann zu Fuss zurück. Bis Nachmittag etwas vertrauterer Ton.
616 1755 3491 1909 Dann plötzlich als täte es ihm leid,- starre Kälte, die bis zu dem Augen-
614 1929 3468 2071 blick anhält, wo ich ihm Gute Nacht sage und in mein Zimmer hinauf lau-
620 2060 779 2215 fe.
621 2141 3460 2328 29.8. Wir sehen beide elend aus. Wenn ich in den Spiegel schau bin ich
625 2304 3417 2433 entsetzt, so fahl und gealtert bin ich. Ist er krank? Ist es Bösartig-
630 2455 3443 2560 keit? Wenn wir am Abend nachhause gehen, hängt er sich nicht einmal in
624 2552 3540 2705 mich ein. Mir graut. Dabei habe ich das Gefühl, dass er ärztlich schlecht
633 2701 3508 2811 behandelt wird und im Essen lauter Fehler begeht. Er trinkt Mittag Wein
618 2838 3391 2959 mit Siphon, dann zwei Tassen schwarzen Kaffee, am Abend zwei Glas Bier
667 2977 3477 3081 und dann noch Schnaps und in zwei Tagen drei Flaschen Gieshübler. Das
630 3118 3472 3230 viele Wasser und die Kohlensäure müssen ihn blähen, Wein, Bier,Schnaps,
620 3237 3426 3356 Kaffee an einem Tag können für den Blutdruck nicht das Richtige sein.
626 3355 3471 3474 Aber wenn ich ihm auch noch so lieb etwas sage, es nützt nichts; er ist
642 3492 3441 3595 wie ein eigensinniges Kind. Ich wollte ihm nachfisch, da er sich nicht
650 3619 3391 3757 wohl fühlte, behilflich sein einen Umschlag mit Thermophor zu machen.
637 3702 3432 3912 Er antwortete, das treffe er auch allein, gab mir einen flüchtigen Kur
627 3860 2282 4029 auf die Stirne und ging auf sein Zimmer.
630 4026 3480 4147 30.8. Ausflug per Auto nach Königswart und Glatzen. Das Schloss in Kö-
628 4126 3369 4275 nigswart besichtigt. Stil und alte Kultur sind kein leerer Wahn. Im
