3770 4694
2346 288 3115 458 13.8.1927 Bl.3
657 509 2507 664 ich will mir freilich die Zimmer erst besehen.
699 650 3406 810 Und nun, mein Liebes, will ich Dir Adieu sagen und mir nxxxx was zum
651 780 3430 976 arbeiten herneumen (es ist 4 Uhr Nachm.) Ich habe es mir so wohnlich
660 911 3343 1075 als möglich gemacht; - der Tisch, auf dem ich schreibe, wackelt nicht
678 1076 3323 1190 mehr und als zweiten Tisch benütz ich das zweite Bett, dazu eignet
661 1161 3307 1328 es sich besser als zum schlafen. Ich bin sehr gespannt, was Du mir
670 1282 3412 1460 aus Schloss Wildon berichten wirst. Du wirst hoffentlich ruhige und
684 1471 1702 1616 heitere Tage dort haben.
670 1575 3452 1725 Ich umarme Dich zärtlich - Diesen Brief (wenn kein Telegramm kommt,
670 1712 3458 1845 das anderes erbittet ) beantworte jedesfalls nach Bolzano post.rest.
706 1828 3100 1993 (recommandiert). (Express hat keinerlei Vortheile). Dein A.
1730 1992 2021 2096 - - -
3579 92 3676 198 34
