3771 4707
2260 319 2996 473 31.12.1926 Bl.2.
733 444 3437 634 ich noch einmal telefonieren: warte aber nicht länger bis 10; habe
743 547 3346 748 ich bis dahin keine Verbindung, so melde ich das Gespräch ab. Das
730 729 3340 896 Telefon ist in diesen Tagen überlastet, - und Überhaupt nicht mehr
723 861 3466 1006 das, was es war. In dieser Hinsicht wirft der Anschluss seine Schat-
727 959 1194 1103 ten voraus.
708 1107 3452 1248 Für Deine lieben Nachrichten (Frau S., Arthur Kl. etc.) danke ich Dir
717 1241 3256 1393 sehr -hoffentlich habe ich heute noch einen Brief von Dir. Ich
715 1377 2803 1540 umarme Dich zärtlich zum letzten Mal im alten Jahr.
1541 1481 1780 1631 Dein
1828 1661 1956 1786 A.
1763 1832 1985 1938 - — — —
