3759 4658
631 373 1291 543 An A.S., Berlin.
2024 401 2730 597 Wien, 14.10.1925.
607 663 3447 814 Mein Liebes, von dem heutigen Tag, der nun zu Ende geht, ist zu berich¬
641 788 3444 956 ten, dass Vormittag sich ein Direktor M. die Wohnung angesehen hat,
632 912 3416 1111 der sie in derselben Kombination mieten möchte, wie Stranakys im Vor¬
603 1063 3447 1228 jahr. Er kommt morgen mit seiner Frau nochmals her und dann wird sich
628 1188 3355 1360 die Sache entscheiden. Pekuniär wäre es wohl das Günstigste, aber für
614 1290 3397 1473 mich ist der Gedanke wieder aus Wohnung und Wirtschaft vertrieben zu
622 1447 3276 1624 sein so traurig, wie ich es Dir gar nicht sagen kann. Nun, man wird
621 1587 3340 1754 sich abfinden müssen, wie man sich schon so manchmal abgefunden hat.
651 1701 3479 1870 Meinesfalls würde ich unter diesen Umständen in die zwei rückwärtigen
582 1835 3545 2017 Zimmer ziehen, da diese Leute die Familie meines Mannes sehr gut kannten,
611 1975 3345 2140 und ich zugänglicher sein müsste, als es mir passen würde. Wie schön
605 2106 3366 2239 wäre es und wie gut das alles mit Dir besprechen zu können und Deine
595 2235 3429 2395 meinung zu hören, obwohl ich mir sicher Mühe gebe das Vernünftigste zu
604 2336 812 2509 tun.
946 2490 3259 2656 Heute nach Tisch rief ich Frieda P. an, um sie für morgen
585 2612 3333 2810 oder einen der nächsten Tage zu mir zu bitten. So erfuhr ich, was Du
593 2712 3323 2935 wohl inzwischen auch erfahren haben wirst, dass O. mit Lilly gestern
588 2893 3171 3064 hier eingetroffen ist. O. wohnt in der Wohnung Almas und will 8
574 2992 3406 3214 Tage bleiben. Frieda und ich sind gleich empört über dieses selbstän¬
572 3153 3302 3324 dige Vorgehen so über Deinen Kopf hinweg und wir hoffen nur, dass Du
563 3270 3261 3418 Dich darüber nicht alterieren wirst. Meine Meinung über diese Frau
582 3406 3250 3576 wird immer mehr bestärkt und der Einfluss der Alma ist sicher auch
576 3524 3262 3724 nicht der beste. Aber im Effekt ist es ja eigentlich gleichgültig,
576 3636 2570 3844 ob sie jetzt ein paar Tage hier sitzt oder nicht.
1091 3808 3378 3999 Ich bin schon sehr neugierig, wie die Premièrefrage dort
564 3913 3244 4082 steht und das Resultat Deiner Unterredungen mit Fischer etc. Bitte
601 4052 3397 4237 schreibe möglichst deutlich, denn ich plage mich sehr manches Wort zu
