3786 4630
623 282 1283 430 Tgb. 26.9.1929.
641 471 877 616 wert?
626 609 914 729 Direxx
623 690 3406 820 27.9. Die Kinder Carty und Magda zurück. Beide sehr vergnügt, brillant
3099 741 3462 843 Erotikon)
633 783 3560 936 aussehend. Ich war am Abend bei ihnen, dann amxxx mit A. im Kino,mässiger
623 954 2243 1101 Film,mässiger Abend. Wie fern ist Caux!
637 1112 3390 1245 26.9. Kinder zu Tisch, dann Emma Erlanger. Abend A. auf einen Sprung.
631 1245 2196 1425 Ich gebe ihm mein Stück zum Lesen mit.
622 1380 2288 1538 Henry hat schon wieder Heiratsabsichten.
673 1563 3575 1747 29.9. A. findet mein Stück klug, im Aufbau, aber noch nicht geschrieben.
630 1722 3430 1900 Mich verdriesst die Lieblosigkeit des Urteils. Vormittag Spaziergang,
626 1839 3010 1977 schönes Wetter, aber stimmungslos. Ebensolcher Abend bei A.
628 2070 3523 2197 30.9. Bin erkältet. Schnupfen, Halsweh. Vormittag ein wenig in der Sonne
628 2179 3545 2326 allein spazieren gegangen (Türkenschanzpark). Abend A. auf einen Sprung.
635 2344 3559 2514 1.10. Wetter wärmer, meine Erkältung recht arg. Frecher Brief von Herrz.
623 2483 3478 2621 Möchte mir die neue Braut aufoktroyieren. Ich habe entsprechend geant-
629 2617 3139 2802 wortet. Am Abend will A. kommen wegen hübschem Radioprogramm.
639 2823 3450 2959 6.10. Vormittag Spaziergang mit A. Mittag Kinder Carry und Magdi. Abend
633 2982 3487 3095 bei A. Kühl, freundlich. Er wird mir immer frender und ich weiss nicht,
633 3092 2093 3237 was hinter seinem Verhalten steckt.
641 3261 3463 3427 7.10. Herrliches Wetter. Nachmittag Hedwig Spiegler, die liebste, beste
676 3411 3541 3524 Frau! Abend allein. In den letzten Tagen viel Verbesserungen an meinem
634 3540 965 3666 Stück.
635 3695 3446 3843 8.10. Vormittag Stadt, Nachmittag Baronin Berger. Am Abend soll ich mit
633 3849 3567 3976 A. sein. Volkstheater und Reinhardtbühnen wollen sein neues Stück. Heute
626 4015 3455 4167 hat auch Herterich (Burg) angerufen. Ich hoffe, dass er heuer viel Er-
621 4103 1357 4276 folge haben wird.
