3770 4711
542 397 3354 543 Zustand ich war und ihn verstehen musste (wer denn wenn nicht sie -)
583 514 3484 647 "Es ist sicher, dass das Ereignis dem Herrn Dr. furchtbar nahe gehen
577 651 3541 810 wird-er kann doch nicht toben,- das tut man nicht unter cultivierten Men-
588 789 3261 912 schen- "Ich antwortete: Warum sagen sie mir das, liebes Fräulein?"
585 871 3460 1049 9 Diese Ansprache ärgerte sie) Sie liess dann noch eine Lobhudelei über
585 1005 3591 1140 die Tote von Stappel sprach in einer Begeisterung von ihr in der sie sich
589 1158 3583 1295 bisher nie geäussert hatte, ja ich kann mich an gegenteilige Bemerkungen
580 1288 3578 1453 genau erinnern. Warum? Ich hab ihr doch nie was zu Leid getan. Im Gegenteil
578 1442 3557 1558 ich hatte besonderes Vertrauen zu ihr. Das war wol ein Fehler-man darf zu
581 1561 3452 1710 Frauen kein Vertrauen haben. Ich hätte diesem Prinzip, vielmehr dieser
577 1713 3501 1840 richtigen Empfindung niemals untreu werden dürfen. Es rächt sich. Nicht
576 1828 3481 1950 dass ich einem Indiskreition ihrerseits fürchte- sie würde sich dadurch
572 1926 3469 2089 mehr treffen als mich- aber mir ist immer als wollte sie A's Liebe für
574 2092 2819 2215 mich immer herabmindern, mich absichtlich beunruhigen.
575 2207 3592 2340 Nein ich bin auf diese Frau L. nie ernsthaft eifersüchtig gewesen, ich habe
583 2351 3465 2504 es ihr übel genommen, dass sie sich in diesem letzten Jahr in einer ge-
586 2453 3599 2573 schmacklosen Art immer wieder bemerkbar machte, A. unausgesetzt anrief ein-
591 2590 3469 2740 lud, zu Autoausflügen aufforderte, wo sie doch schon vor meiner Zeit mit
592 2719 3590 2846 ihm im Gerede war. Gut A. behauptet, es sei immer nur eije ganz harmlose
580 2847 3503 2998 Freundschaft gewesen, er habe nur viel mit ihr gesprochen, als seine Ehe
577 2980 3508 3122 mit der O. im Auseinandergehen war und die L. habe ihm oft ihr Herz über
600 3148 3568 3252 eigene Angelegenheiten ausgeschüttet und ich glaube ihm. Aber dann war ihr
593 3262 3509 3383 Vorgehen dumm geschnacklos taktlosund hat oft zu bösen Verstimmungen zu
584 3401 3139 3505 Misverständnissen und Schlimmerem geführt, und die F. weis das.
588 3505 3541 3629 Sie weis auch dass meine Novelle "Mord" aus diesen Motiven entstanden ist
596 3661 3206 3795 weis, wessen Züge die Ermordete trägt-Sie weis es wie A. es weiss.
586 3795 3547 3925 Nie habe ich Frau L. den Todt gewünscht-ich würde es in diesen Zeilen die
627 3913 3584 4021 eine Befreiung für mich sein sollen gestehen-aber ich habe Frauen dieser
620 4020 3495 4175 Art mit diesem symbolischen Folchstoss ver letzen wollen, und in einer
635 4148 3503 4344 spielerischen Rache, machte ich die Schauspielerin Jegitsch ihr ähnlich-
3460 121 3584 304 247
