<?xml version="1.0" encoding="UTF-8" standalone="yes"?>
<PcGts xmlns="http://schema.primaresearch.org/PAGE/gts/pagecontent/2013-07-15" xmlns:xsi="http://www.w3.org/2001/XMLSchema-instance" xsi:schemaLocation="http://schema.primaresearch.org/PAGE/gts/pagecontent/2013-07-15 http://schema.primaresearch.org/PAGE/gts/pagecontent/2013-07-15/pagecontent.xsd">
    <Metadata>
        <Creator>prov=READ-COOP:name=TrHtr:version=0.0.6:model_id=44522:date=25_11_2022_11:53</Creator>
        <Created>2022-11-17T16:36:32.566+01:00</Created>
        <LastChange>2022-11-25T11:53:58.512Z</LastChange>
        <TranskribusMetadata docId="1233893" pageId="50264663" pageNr="821" tsid="105032885" status="IN_PROGRESS" userId="40391" imgUrl="https://files.transkribus.eu/Get?id=IZSTBMCUCRPIMXYZHWFGFBSE&amp;fileType=view" xmlUrl="https://files.transkribus.eu/Get?id=SKNZYIECUPRCNQQLHQHGZLRW" imageId="41051074">
            <Property key="mdSetName" value="myMdSet"/>
            <Property key="property2"/>
            <Property key="property1"/>
        </TranskribusMetadata>
    </Metadata>
    <Page imageFilename="HIN-155550_0821.tif" imageWidth="3746" imageHeight="4638">
        <ReadingOrder>
            <OrderedGroup id="ro_1670241787871" caption="Regions reading order">
                <RegionRefIndexed index="0" regionRef="r1"/>
            </OrderedGroup>
        </ReadingOrder>
        <TextRegion id="r1" custom="readingOrder {index:0;}">
            <Coords points="620,282 620,3322 3485,3322 3485,282"/>
            <TextLine id="r1l1" custom="readingOrder {index:0;}">
                <Coords points="2381,444 2535,370 2607,392 2743,362 2857,409 2918,389 2943,407 2979,375 3083,358 3085,247 3013,264 2934,242 2794,294 2626,289 2573,238 2383,250"/>
                <Baseline points="2399,344 2432,345 2465,347 2498,348 2532,349 2565,350 2598,350 2632,351 2665,351 2698,353 2732,353 2765,353 2798,353 2831,353 2865,353 2898,353 2931,353 2965,353 2998,353 3031,351 3065,351"/>
                <TextEquiv>
                    <Unicode>3.8.1930. Bl.2.</Unicode>
                </TextEquiv>
            </TextLine>
            <TextLine id="line_1668776681556_6674" custom="readingOrder {index:1;}">
                <Coords points="611,624 3351,568 3351,468 612,467"/>
                <Baseline points="629,540 687,542 746,542 804,542 863,543 921,543 980,543 1038,543 1097,543 1155,543 1214,543 1272,543 1331,543 1389,543 1448,543 1506,543 1565,543 1623,545 1682,545 1740,546 1799,546 2384,543 2431,543 2479,543 2526,543 2574,543 2621,543 2669,545 2716,545 2764,545 2811,546 2859,546 2907,546 2954,548 3002,548 3049,548 3097,548 3144,548 3192,548 3239,546 3287,546 3335,545"/>
                <TextEquiv>
                    <Unicode>die mittleren Hotels scheinen wie ausgestorben - und es soll in der</Unicode>
                </TextEquiv>
            </TextLine>
            <TextLine id="r1l4" custom="readingOrder {index:2;}">
                <Coords points="623,741 917,673 1271,727 1561,684 1629,741 1719,741 1852,695 1852,587 1715,627 1279,598 1214,641 1085,584 974,623 888,573 741,620 623,602"/>
                <Baseline points="642,675 701,675 761,675 820,675 880,675 939,675 999,675 1058,675 1118,675 1177,675 1237,675 1297,675 1356,675 1416,675 1475,675 1535,675 1594,675 1654,675 1713,675 1773,675 1833,675"/>
                <TextEquiv>
                    <Unicode>ganzen Schweiz nicht vielbesser</Unicode>
                </TextEquiv>
            </TextLine>
            <TextLine id="r1l5" custom="readingOrder {index:3;}">
                <Coords points="622,821 3422,841 3301,711 2996,775 2674,685 2545,757 622,742"/>
                <Baseline points="641,801 779,803 917,804 1055,804 1193,806 1331,806 1469,806 1608,806 1746,806 1884,806 2022,806 2160,806 2298,806 2436,806 2575,806 2713,806 2851,807 2989,807 3127,809 3265,809 3404,810"/>
                <TextEquiv>
                    <Unicode>Nachgesandte Post unbedeutend - Tonfilmanfragen ohne Folge. S.F. sehr</Unicode>
                </TextEquiv>
            </TextLine>
            <TextLine id="r1l6" custom="readingOrder {index:4;}">
                <Coords points="626,957 3405,973 3405,877 3169,862 626,874"/>
                <Baseline points="644,936 781,936 918,936 1055,936 1192,936 1329,936 1466,938 1603,938 1740,938 1877,938 2015,938 2152,938 2289,938 2426,938 2563,938 2700,938 2837,938 2974,938 3111,938 3248,938 3386,938"/>
                <TextEquiv>
                    <Unicode>pesimistisch, frägt mich, was er tun soll, um meine Bücher zu fördern;</Unicode>
                </TextEquiv>
            </TextLine>
            <TextLine id="r1l7" custom="readingOrder {index:5;}">
                <Coords points="628,1087 3468,1083 3386,975 628,961"/>
                <Baseline points="647,1064 787,1065 927,1065 1067,1065 1207,1067 1347,1067 1487,1067 1627,1067 1767,1068 1907,1068 2048,1068 2188,1068 2328,1068 2468,1068 2608,1068 2748,1070 2888,1070 3028,1070 3168,1071 3308,1071 3449,1073"/>
                <TextEquiv>
                    <Unicode>ich rate (im allgemeinen) zur Verbilligung - sehe nach wie vor persön-</Unicode>
                </TextEquiv>
            </TextLine>
            <TextLine id="r1l8" custom="readingOrder {index:6;}">
                <Coords points="623,1216 2543,1207 2400,1117 624,1133"/>
                <Baseline points="642,1196 736,1196 830,1197 924,1197 1018,1197 1113,1197 1207,1197 1301,1197 1395,1197 1489,1197 1584,1197 1678,1197 1772,1197 1866,1199 1960,1199 2055,1199 2149,1200 2243,1200 2337,1200 2431,1202 2526,1202"/>
                <TextEquiv>
                    <Unicode>liche Sympathie, - aber weder Elan noch Glauben.</Unicode>
                </TextEquiv>
            </TextLine>
            <TextLine id="r1l9" custom="readingOrder {index:7;}">
                <Coords points="619,1363 3270,1352 3270,1266 2683,1225 620,1241"/>
                <Baseline points="638,1325 768,1326 899,1328 1029,1329 1160,1329 1291,1331 1421,1331 1552,1331 1683,1331 1813,1331 1944,1331 2075,1331 2205,1331 2336,1331 2467,1332 2597,1332 2728,1332 2859,1332 2989,1334 3120,1335 3251,1337"/>
                <TextEquiv>
                    <Unicode>Es bleibt wohl dabei, dass ich über Heinis Geburtstag hier bleibe;</Unicode>
                </TextEquiv>
            </TextLine>
            <TextLine id="r1l10" custom="readingOrder {index:8;}">
                <Coords points="625,1481 2069,1457 2341,1541 3168,1493 3268,1472 3269,1365 626,1392"/>
                <Baseline points="644,1455 774,1457 904,1457 1035,1458 1165,1458 1296,1458 1426,1460 1556,1460 1687,1460 1817,1461 1948,1461 2078,1461 2208,1461 2339,1463 2469,1463 2600,1463 2730,1463 2860,1464 2991,1464 3121,1464 3252,1466"/>
                <TextEquiv>
                    <Unicode>er fährt dann mit Ruth, die nett und klug ist, - doch glaube ich für</Unicode>
                </TextEquiv>
            </TextLine>
            <TextLine id="r1l11" custom="readingOrder {index:9;}">
                <Coords points="611,1649 3426,1632 3330,1489 612,1509"/>
                <Baseline points="630,1586 768,1587 907,1589 1046,1589 1185,1590 1324,1590 1463,1592 1601,1592 1740,1592 1879,1592 2018,1593 2157,1593 2296,1593 2435,1593 2573,1593 2712,1593 2851,1595 2990,1595 3129,1595 3268,1595 3407,1596"/>
                <TextEquiv>
                    <Unicode>die nächste Zeit nicht an die Absicht (und Möglichkeit) einer Verhei-</Unicode>
                </TextEquiv>
            </TextLine>
            <TextLine id="r1l12" custom="readingOrder {index:10;}">
                <Coords points="622,1733 3323,1752 3323,1670 2714,1624 623,1657"/>
                <Baseline points="641,1716 774,1718 907,1718 1040,1719 1173,1719 1306,1721 1439,1721 1572,1722 1705,1722 1838,1724 1972,1724 2105,1724 2238,1725 2371,1725 2504,1725 2637,1727 2770,1727 2903,1728 3036,1728 3169,1728 3303,1730"/>
                <TextEquiv>
                    <Unicode>ratung, - über Como nach Mailand. Zusammentreffen mit Arnoldo; ich</Unicode>
                </TextEquiv>
            </TextLine>
            <TextLine id="r1l13" custom="readingOrder {index:11;}">
                <Coords points="630,1895 3388,1882 3188,1774 2472,1744 631,1791"/>
                <Baseline points="647,1847 783,1848 919,1849 1055,1850 1191,1851 1328,1851 1464,1853 1600,1853 1736,1854 1872,1854 2009,1856 2145,1856 2281,1857 2417,1857 2553,1859 2689,1859 2826,1860 2962,1860 3098,1862 3234,1863 3371,1865"/>
                <TextEquiv>
                    <Unicode>wohl direct nachhäuse, vielleicht bei gutem Wetter Auto nach Landeck,</Unicode>
                </TextEquiv>
            </TextLine>
            <TextLine id="r1l14" custom="readingOrder {index:12;}">
                <Coords points="632,2011 1839,1993 2043,2040 2337,1987 2337,1933 2158,1897 632,1893"/>
                <Baseline points="651,1976 734,1977 817,1979 901,1979 984,1980 1067,1980 1151,1980 1234,1982 1317,1982 1401,1982 1484,1982 1567,1982 1651,1982 1734,1982 1817,1982 1901,1982 1984,1982 2067,1982 2151,1982 2234,1982 2318,1982"/>
                <TextEquiv>
                    <Unicode>eventuell Aufenthalt dort oder Innsbruck.-</Unicode>
                </TextEquiv>
            </TextLine>
            <TextLine id="r1l15" custom="readingOrder {index:13;}">
                <Coords points="622,2116 3304,2163 3276,2037 622,2019"/>
                <Baseline points="641,2106 773,2108 905,2109 1037,2109 1170,2111 1302,2111 1434,2112 1567,2112 1699,2112 1831,2114 1964,2114 2096,2114 2228,2114 2360,2115 2493,2115 2625,2115 2757,2117 2890,2117 3022,2118 3154,2118 3287,2120"/>
                <TextEquiv>
                    <Unicode>Ich danke Dir, Liebe, für Deinen Brief, der gestern Abend kam; - heute</Unicode>
                </TextEquiv>
            </TextLine>
            <TextLine id="r1l16" custom="readingOrder {index:14;}">
                <Coords points="666,2320 935,2239 1121,2312 3420,2255 3310,2165 2676,2126 667,2156"/>
                <Baseline points="683,2238 818,2238 954,2240 1090,2240 1226,2241 1362,2241 1498,2243 1634,2243 1770,2244 1906,2244 2042,2244 2177,2246 2313,2246 2449,2247 2585,2247 2721,2247 2857,2249 2993,2249 3129,2250 3265,2250 3401,2252"/>
                <TextEquiv>
                    <Unicode>nichts über Probleme und Problematisches - Muss ich wirklich erst sa-</Unicode>
                </TextEquiv>
            </TextLine>
            <TextLine id="r1l17" custom="readingOrder {index:15;}">
                <Coords points="628,2431 3454,2395 3350,2283 629,2305"/>
                <Baseline points="647,2373 786,2372 926,2372 1065,2372 1205,2372 1344,2372 1484,2372 1623,2373 1763,2373 1902,2373 2042,2375 2181,2375 2321,2376 2460,2376 2600,2378 2739,2378 2879,2379 3018,2379 3158,2381 3297,2381 3437,2382"/>
                <TextEquiv>
                    <Unicode>gen, dass ich mich freue Dich bald wiederzusehen? Und hoffentlich komme</Unicode>
                </TextEquiv>
            </TextLine>
            <TextLine id="r1l18" custom="readingOrder {index:16;}">
                <Coords points="622,2514 2802,2564 3293,2548 3294,2448 622,2442"/>
                <Baseline points="638,2501 769,2501 901,2501 1033,2501 1165,2501 1297,2501 1429,2502 1560,2502 1692,2504 1824,2504 1956,2505 2088,2507 2220,2507 2352,2508 2483,2508 2615,2510 2747,2510 2879,2510 3011,2511 3143,2511 3275,2511"/>
                <TextEquiv>
                    <Unicode>ich in besserer Stimmung wieder als ich sie heute und überhaupt in</Unicode>
                </TextEquiv>
            </TextLine>
            <TextLine id="r1l19" custom="readingOrder {index:17;}">
                <Coords points="616,2670 3306,2642 3220,2527 617,2549"/>
                <Baseline points="635,2628 767,2630 900,2631 1032,2633 1165,2633 1298,2634 1430,2634 1563,2636 1696,2636 1828,2636 1961,2636 2094,2637 2226,2637 2359,2637 2492,2637 2624,2639 2757,2639 2890,2639 3022,2640 3155,2640 3288,2642"/>
                <TextEquiv>
                    <Unicode>diesen Tagen bei mir feststellen kann. Meine Unfähigkeit Briefe zu</Unicode>
                </TextEquiv>
            </TextLine>
            <TextLine id="r1l20" custom="readingOrder {index:18;}">
                <Coords points="2732,2715 2757,2722 2779,2711 2797,2722 3001,2719 3001,2647 2854,2654 2833,2644 2793,2658 2732,2654"/>
                <Baseline points="2750,2705 2775,2705 2801,2705 2827,2705 2853,2705 2878,2705 2904,2705 2930,2705 2956,2705 2982,2706"/>
                <TextEquiv>
                    <Unicode>sammle</Unicode>
                </TextEquiv>
            </TextLine>
            <TextLine id="r1l21" custom="readingOrder {index:19;}">
                <Coords points="629,2783 3376,2784 3097,2685 630,2664"/>
                <Baseline points="648,2760 783,2760 918,2762 1054,2762 1189,2763 1325,2763 1460,2765 1596,2766 1731,2766 1867,2768 2002,2768 2137,2769 2273,2771 2408,2771 2544,2772 2679,2772 2815,2772 2950,2772 3086,2774 3221,2774 3357,2772"/>
                <TextEquiv>
                    <Unicode>schreiben, mein liebes Kind, verzeih mir wieder einmal, glühen-</Unicode>
                </TextEquiv>
            </TextLine>
            <TextLine id="r1l22" custom="readingOrder {index:20;}">
                <Coords points="602,2905 3503,2915 3460,2811 602,2819"/>
                <Baseline points="621,2891 764,2892 907,2894 1050,2895 1193,2897 1337,2898 1480,2900 1623,2901 1766,2903 1909,2903 2053,2904 2196,2904 2339,2906 2482,2906 2625,2907 2769,2907 2912,2907 3055,2907 3198,2907 3341,2909 3485,2909"/>
                <TextEquiv>
                    <Unicode>de Kohlen auf mein Haupt und glaube, dass ich mit den innigsten Gefühlen</Unicode>
                </TextEquiv>
            </TextLine>
            <TextLine id="r1l23" custom="readingOrder {index:21;}">
                <Coords points="603,3035 671,3028 732,3069 879,3035 979,3051 1115,3038 1116,2966 1045,2973 1002,2940 980,2961 930,2946 876,2974 791,2930 741,2954 605,2945"/>
                <Baseline points="620,3017 645,3019 670,3021 695,3023 720,3023 745,3024 770,3024 795,3026 820,3026 845,3026 871,3026 896,3026 921,3026 946,3026 971,3026 996,3026 1021,3026 1046,3026 1071,3026 1097,3027"/>
                <TextEquiv>
                    <Unicode>bei Dir bin.</Unicode>
                </TextEquiv>
            </TextLine>
            <TextLine id="r1l24" custom="readingOrder {index:22;}">
                <Coords points="1084,3161 1237,3201 1331,3166 1918,3200 2212,3174 2212,3120 1915,3107 1815,3063 1593,3104 1471,3056 1084,3096"/>
                <Baseline points="1100,3152 1154,3153 1209,3155 1264,3155 1319,3156 1373,3157 1428,3158 1483,3158 1538,3158 1592,3159 1647,3159 1702,3159 1757,3159 1811,3159 1866,3159 1921,3161 1976,3161 2030,3161 2085,3162 2140,3163 2195,3164"/>
                <TextEquiv>
                    <Unicode>Ich umarme Dich von Herzen.</Unicode>
                </TextEquiv>
            </TextLine>
            <TextLine id="r1l25" custom="readingOrder {index:23;}">
                <Coords points="1326,3333 1358,3337 1376,3320 1426,3331 1448,3317 1520,3325 1574,3297 1670,3298 1671,3230 1603,3240 1557,3222 1514,3235 1460,3206 1421,3202 1400,3180 1364,3187 1328,3168"/>
                <Baseline points="1343,3285 1368,3287 1394,3288 1420,3290 1446,3290 1472,3290 1498,3290 1523,3291 1549,3291 1575,3291 1601,3291 1627,3290 1653,3290"/>
                <TextEquiv>
                    <Unicode>Dein A.</Unicode>
                </TextEquiv>
            </TextLine>
            <TextEquiv>
                <Unicode>






















</Unicode>
            </TextEquiv>
        </TextRegion>
    </Page>
</PcGts>
