3771 4723
715 342 1393 477 Tgb. 12.10.1930.
710 495 3501 696 Ich: "Ich möchte das Haus nur nicht zu zeitlich verlassen, denn meine
734 655 3514 791 Schwester kommt am Nachmittag." - Er: "Ich ruf dich noch am ¼4 Uhr an.
732 808 3507 922 Vormittag bleibe ich zuhause, gehe eventuell vor Tisch ein weig fort.“
706 938 3387 1066 Ishi "Das hättest du mir wirklich früher sagen können, denn es ist
733 1061 3496 1206 schade bei dem schönen Wetter nicht irgendwo hinauszuwandern und ich
733 1232 3459 1320 hätte etwas vereinbaren wollen. -Er; "Nun das wird vielleicht jetzt
717 1339 2636 1447 auch noch gehen. - Ich: "Ich werd's versuchen.“
727 1456 3428 1593 Es war mir natürlich sofort klar, dass er entweder einen Anruf oder
725 1584 3501 1711 einen Besuch erwarte oder etwas vor xxx hatte. Um ½12 ging ich vom
721 1717 3511 1839 Hause fort und in die Pötzleinsdorfer Allee. Noch nicht weit gegangen
740 1865 3453 1987 sehe ich ihn in grosser Entfernung mit einem riesigen Frauenzimmer,
733 1984 3467 2102 die ohne Kopfbedeckung an seiner Seite schlendert. Sie sind so weit
742 2112 3533 2242 fort, dass ich ihn nur an Gang und Haltung erkenne. Ich laufe in einem
745 2242 3419 2432 wahnsinnigen Tempo ihnen nach, henme dann den Schritt, gehe ruhig an
742 2376 3458 2502 ihnen vorbei und rufe ihm munter zu: "Guten morgen, Herr Doktor" und
747 2473 3619 2656 laufe ohne mich umzublicken weiter. Hier werden vielleicht dienlösungen
737 2607 3357 2790 für alles liegen, was ich seit Monaten mitmache. Und was jetzt? -
727 2767 3538 2894 Ich suche mir vorzumachen, dass es eine zufällige Begegnung war. Aber
733 2912 2811 3031 es sah nicht darnach aus, eher nach etwas Gewohntem.
785 3021 3466 3166 Ich musste mich später setzen, weil meine Beine so zitterten. Dabei
739 3181 3426 3320 sieht die Person so gewöhnlich aus, so unsoigniert, dass ich es kaum
743 3288 3434 3411 begreife. Am ehesten halte ich sie für die, mit der er vor 8 Jahren
745 3431 3510 3573 vor mir eine kurze Beziehung hatte. Und mir graust ein wenig bei dem
779 3548 1783 3707 Gedanken. Unappetetlich!
742 3686 3550 3809 Gestern Mittag hatte er eine Amerikanerin ein Fräulein Rethy bei sich
738 3807 3496 3938 zu Tisch. Frieda wurde weggeschickt. Tête-ä- tête. Aber so wie
745 3931 2897 4111 die Heutige sieht eine Amerikanerin nicht aus.
730 4090 3538 4204 2. Uhr. Ich hatte richtig erraten. Es ist die vor 8 Jahren, wie er mir
746 4241 3611 4365 eben telefonischs agt. Und er schwört, er habe sie zufällig getroffen,
3545 108 3689 256 103
