3747 4610
1409 238 1975 507 Vagebuch
630 349 833 481 1928
587 449 1232 669 9.10. Fortsetzung
591 632 3329 767 war, die schon vor 8 Jahren überall erklärt hat, er sei senil und unfä¬
577 749 1110 902 zu arbeiten.
571 891 3430 1050 Wohnungskonferenzen. Es wirdernst. Kleine Wohnung Ecke Hochschul-Hase-
573 1042 3385 1191 nauerstrasse. Für mich sehr geeignet, aber teuer. Ich berichte darüber
580 1162 3185 1273 an A. In diesem Fall kann nur er entscheiden. Ich bin müde,müde.
565 1284 3399 1441 Bei Ferda Bloch wegen Stelle für Harry. Er war reizend, versprach sein
565 1415 1377 1565 Möglichstes zu tun.
578 1563 3551 1724 11.10. Anruf aus Berlin. Ich soll mir die Wohnung in der Hochschulstrasse
573 1685 3461 1853 nicht entgehen lassen, er kommt für alles auf etc. Ich sagte, davon könne
1994 1783 2292 1864 nichtlich
574 1806 3495 2017 nicht die Rede sein, aber wenn es ihn freut mich in seiner Nähe zu haben,
554 1946 3501 2112 so werde ich es dankbar annehmen, wenn er zu dem Goldzins etwas beiträgt.
559 2070 3450 2226 Er: "Muss ich dir das erst erklären? Das weisst du doch. Ich hätte doch
574 2192 3332 2377 nicht mit dem Baumeister Siebert selbst gesprochen, wenn ich es nicht
536 2322 1236 2466 wünschte etc.“
554 2420 3354 2577 In letzter Minute macht mir der Hausherr hier Geschichten, will seine
560 2586 3411 2769 Einwilligung nicht geben. Ich gehe ganz verheult zum Thee der Berta Z.
565 2737 3285 2900 Alles erledigt. Bruder Otto hat die ganze Transaktion durchgeführt.
569 2859 3431 3022 Ich habe (leider) das Gefühl mich plötzlich in einer grossen Gefahr zu
565 2970 3479 3162 befinden, mich in eine Situation begeben, die ich nicht durchhalten werde.
561 3102 3404 3248 Ich habe es wollen im Grunde meines Herzens, genau das habe ich wollen,
607 3232 3330 3382 eine solche Wohnung in seiner Nähe. Aber wie wird er sich weiterhin
564 3368 3085 3509 zu mir verhalten - wird es das Glück sein, dass es sein könnte?
598 3499 3378 3651 Man hat ihn mit der O. im Theater gesehen. Aber seine Briefe klingen
550 3642 3424 3817 so lieb und herzlich wie noch nie. Ach, wenn ich über diese Frau hinweg-
551 3752 3293 3981 käme. Meine Stimmung gedrückt. Ich weiss, dass er sie in Berlin
564 3907 2418 4055 sieht, und doch, wenn ich es bestätigt höre - -
544 4011 1830 4168 Ich bin wie ein gehetztes Tier.
542 4166 3408 4343 A. zurück. Nach anfänglicher Gereiztheit meinerseits, wieder gutes Ein-
