3726 4662
2340 265 2899 402 10.8.24.Bl.2.
567 456 3330 583 das Essen war mässig und dauerte endlos. Ein schweizer Jüngling von
545 617 3347 761 einem Nachbartisch versuchte zu flirten, aber ich verhielt mich trotz-
538 731 3336 882 dem ich mich sehr langweilte ganz passiv. Ich habe noch keinen geeig-
534 863 3381 1024 neten Ruhepunkt für meine Augen gefunden. Aus der Halle tönt die Nach-
535 986 3354 1133 mittagsmusik herüber, aber ich kann's erwarten den lieben Bekannten in
540 1120 1349 1260 die Arme zu laufen.
530 1233 3269 1359 Die Sonne macht eben schüchterne Versuche heraum zukommen, vielleicht
532 1382 3309 1492 sollte man sich südlicher wenden, ihr entgegenfahren - Ach, was sollte
534 1520 2414 1665 man alles und tut es nicht, bis es zu spät ist.
546 1650 3257 1799 Mein Brief ist nicht sehr heiter merk ich, aber ich bin es hier auch
516 1773 3342 1910 nicht. Leb wohl, mein Liebes, ich möchte einen Augenblick zu Dir hinü-
534 1901 3270 2045 berschauen können ohne dass Du es weisst, oder - bei Dir sein könne
525 2055 2505 2218 und dass Du es weisst. Ich küsse Dich sehr. Deine
2434 2153 3142 2302 Clara Katharina.
1615 2271 1910 2472 - - -
3535 128 3612 265 85
