3746 4638
2473 241 3189 425 30.7.1930. Bl.2.
667 435 3434 592 glaub auch Du mir, dass meine Nerven sich auch nicht in guter Verfas-
641 595 3448 721 sung befinden und dass ich insbesonders nicht immerwieder für ein so-
633 708 3512 826 genanntes Verhalten verantwortlich gemacht werden möchte, in dem keiner-
620 866 3373 961 lei Absicht, gewiss keine böse, zu sehen ist, das in Eigenheiten, viel-
621 978 3392 1104 leicht in Mängeln meines Wesens begründet ist und das doch in sieben
619 1099 1992 1255 Jahren das gleiche geblieben ist.
633 1226 3303 1374 Wenn Du heute sagst, Liebes, dass es eher angeht eine gute Beziehung
625 1381 3385 1525 durch ein paar Wochen des Getrenntzeins zu unterbrechen, als eine ge-
619 1519 3351 1641 trübte, - so darf ich vielleicht mit gleichem oder höherem Recht das
609 1642 3388 1787 Gegenteil behaupten. Ich für meinen Teil finde jedenfalls, dass diese
616 1779 3463 1923 abgelaufenen Wochen für unsere gequälten Nerven, auch für Deine,- besser
608 1888 3405 2037 gewesen sind, als die unmittelbar vorhergegangenen Wochen oder Monate-
611 2026 3364 2188 die Dir schlimmer erschienen sind als die zehn Jahre Deiner
629 2128 1371 2294 unglücklichen Ehe.
615 2268 3372 2453 Solch ein Winter (und Frühling) wie wollen es noch einnal sagen, darf
605 2399 3304 2531 nicht wiederkommen; - und - ohne irgend ein Programm aufzustellen -
2762 2520 3168 2602 Beziehung
619 2578 3369 2724 unter den gegenwärtigen Umständen, so wie sich unsere entwi-
610 2683 3493 2808 ckelt hat, ist die Atmosphäre, in der sie sich erholen, gedeihen und viel-
601 2795 2498 2976 leicht wunderschön werden kann: Freundschaft.
600 2912 3390 3081 Was nun meine Rückreise anbelangt, ist es ebenso denkbar, dass ich sie
613 3049 3489 3228 schon ein paar Tage vor dem 10. August als ein Paar Tages nachher antre-
582 3184 3403 3325 ten werde; - eventuell werden ich Dir einen Vorachlag machen, wo wir uns
656 3357 3254 3487 - zwischen Wien und Innsbruck treffen könnten; - bei dem jetzigen
602 3461 3486 3620 Zustand meiner Nerven (und meines Magens) ist es allerdings wahrschein-
589 3580 3263 3733 lich, dass ich direkt nachhause fahre und erst im letzten Drittel
593 3725 3361 3867 August Wien wieder verlasse, worüber mir uns miteinander im persönli-
585 3840 1796 4012 chen Gespräch einigen werden.
588 3979 3511 4160 Heini und Ruth dürften von hier nach Mailand fahren und dort mit Arnoldo
579 4139 3351 4286 zusammentreffen; ein Zusammensein mit 0. ist, sowelt ich unterrichtet
3551 88 3669 245 80
