3811 4791
1844 271 3242 455 Im Zug nach Häringsdorf,17.7.1923.
696 443 3372 650 Mein Freund. Ich bin froh von Berlin fort zu sein, obwohl ich mich
681 598 3393 774 gar nicht auf Häringsdorf freue, höchstens auf das Meer, das ich sehr
679 771 3413 900 liebe. Die zwei Tage in Berlin waren schrecklich ermüdend, die Stadt
715 873 1859 1027 ist mir sehr unsympathisch.
713 1017 3429 1186 Gestern Vormittag war ich bei Direktor Feilchenfeld, habe auch einen
667 1164 3397 1268 Gruss von Dir bestellt, obwohl Du mir keinen aufgetragen hattest. Er
667 1290 3280 1428 scheint sehr entzückt von Dir, was mich eher sympathisch
674 1433 3350 1572 berührte - - Er hat fabelhaft für mich gewirtschaftet, wenigstens
663 1546 3400 1687 bisher. Trotzdem habe ich mir in B. nur einen Hut gekauft, denn die
660 1699 3404 1843 Preise sind irrsinnig. Ein Kleid 7 bis 17 Millionen und lange nicht
668 1820 3271 1972 so schön wie in Wien. Ueberhaupt Wien! Wir sollten nie über Wien
673 1937 2665 2087 schimpfen und froh sein, dass wir dorthin gehören.
659 2033 3363 2237 Eine Fleischspeise kostet X 75-80.000 Mark und ist lange nicht so
662 2200 3486 2377 gut wie bei „Gruss“ oder beim „Auge Gottes“ der beim "Schutzengel“ -
655 2318 3320 2460 Ich hoffe sehr morgen Nachricht von Dir zu haben, idann kriegst Du
656 2452 1746 2613 gleich einen langen Brief.
688 2596 3461 2712 Das Schreiben hier ist sehr mühsam, der Zug wackelt sehr und ein Kind
685 2741 3419 2894 hat "Schluckerchen", - wir sagen Schnackerl in Wien und ich finde das
638 2871 3419 3024 G anze berlinerisch degoutant, es geht mir direkt auf die Nerven.- Ich
644 2987 3576 3113 denke Deiner mit "einiger Herzlichkeit" (Schnitzleri che Ausdrucksweise)
660 3102 1295 3286 und küsse Dich.
1280 3236 1539 3381 Deine
1518 3338 2221 3518 Clara Katharina.
1681 3489 1930 3607 - - - -
684 3574 3378 3753 Die Gegend, durch die wir fahren, ist reizlos- ich habe sonst Flach-
690 3693 3413 3831 land gerne, aber dieses strömt Langeweile aus. Grüss mir den Sommer-
613 3812 1089 3959 h aidenweg.
3562 116 3696 279 24
