3690 4707
2871 308 3251 452 25.12.26
631 494 3347 647 Ich werde noch stundenlang in Bett bleiben, denn mir ist zu kalt zum
588 618 3306 788 Aufstehen und ich werde üme heute überhaupt kaum ausgehen. Ich will
573 724 3354 942 den Roman durchlesen und womöglich heute dem Otto schicken. Denk ge-
583 881 3332 1052 legentlich über den Titel nach. Die "Mani" ist natürlich heute nicht
567 981 3258 1166 An der Presse. Wenn sie Neujahr nicht erscheint, dann wird man dort
588 1157 3341 1307 was von mir zu hören kriegen. Ich hoffe sehr auf morgen auf gute und
561 1259 3331 1438 liebe nachricht von Dir. Für heute nur einen innigen Auss von Deiner
2690 1444 2900 1586 C.K.
569 1523 1631 1686 Was hörst Du aus Venedig?
3411 116 3554 240 nelle
