3811 4791
1870 286 3224 470 Im Schlagwagen um 10 Uhr Abends.
2226 438 3181 610 Nach Passau. 19.7.1923.
690 591 2194 787 Mein Freund, mein sehr lieber Freund!
1132 776 3292 907 Nun liege ich hier auf meinem schmalen Lager, bin sehr
658 933 3338 1047 müde und kann doch nicht schlafen. Ich denke an Dich und sende Dir
664 1039 2001 1164 viele liebe Grüsse und Gedanken.
654 1108 3458 1319 Wir waren bis Passau im selben Coupémit der Hofrätin Z., haben mit ihr
663 1302 3277 1447 und ihrem sehr sympathischen Sohn soupiert und jetzt sind sie im
650 1434 3459 1621 Coupé nebenan. Ich habe mich über den Zufall nicht gewundert, war fast
661 1570 3464 1716 überzeugt, dass es so sein wird. Es ist da irgend ein Zusammenhang mit
694 1702 3424 1838 Dir. Dein Name ist auch öfters gefallen. Es ist ein bisl schwer zu
698 1779 3402 1948 schreiben, denn es ist im Coupe verdunkelt. Mein Sohn schläft schon.
675 1946 3443 2077 Der Aufenthalt hier in Passau dreiviertel Stunden - bei der Hitze -
650 2086 3463 2214 eingekeilt zwischen einer tausendköpfigen Menge war furchtbar. Es ist
644 2224 3428 2377 eine böswillige feindselige Menschenschinderei. Gute Nacht jetzt, denk
650 2314 1630 2486 an mich, wie ich an Dich.
1461 2446 1721 2615 Deine
1699 2594 2399 2751 Clara Katharina.
643 2714 3324 2911 1 7 Uhr Früh. Guten Morgen! Ich habe fast gar nicht geschlafen, nur
631 2867 2194 2990 eine Stunde geschlummert. Alles Liebe!
1687 3006 2005 3113 - - - - — —
3548 117 3688 336 22
