3840 4686
616 341 833 489 1929
617 493 830 664 2. 3.
627 664 1010 807 Stimmung.
613 806 3363 943 3.3. Schnee, Kälte, aber um die Mittagszeit Sonne. Spaziergang mit A,
588 922 3401 1074 bessere Stimmung. Abend mit Hofrätin Z. bei A. Sie kam verspätet. A.
555 1021 2457 1203 plötzlich sehr zärtlich, daher auch ich froher.
575 1183 3460 1339 Hofrätin Z. sagt zu mir, wie A. aus dem Zimmer geht: "Denken Sie, die O.
617 1335 3444 1451 hat in Berlin ein kleines Fest mit Tanz gegeben. Sechs Monate
584 1460 3408 1580 nach dem Tod ihres Kindes. Ist das nicht ein Schwein?“ Ich antwortete,
608 1613 3429 1747 dass ich es nicht glaube. Es kann nur böswilliger Tratsch sein. So
622 1714 3249 1866 schlecht ich auch von ihr denke, das halte ich doch für unmöglich.
601 1851 2011 1975 Heute Nachmittag Tee bei Gotthilf.
602 1955 2009 2146 Abend bei A. Zärtlich aber nervös.
565 2112 2846 2241 4.3. Vormittag kleiner Spaziergang mit A., Abend zuhause.
1455 2197 1674 2277 mitt.
1926 2197 2567 2301 mit I. B. u. ausw.
545 2253 3422 2417 6. 3. ImBett. Abend Kino. Gespräche wegen Herrys Anstellung. Gott gebe,
541 2331 1484 2506 dass das endlich wird.
559 2521 3413 2630 6.3. Abend Kino. Nachher mit A. "Linde". Czokor getroffen. Nicht unsym-
564 2640 3578 2796 pathischer Bohemien. Nachmittag Gisella Berger bei mir gewesen, sympathisch
549 2757 996 2884 wie immer.
592 2864 3532 3008 8.3. Bewegter Tag. Mittag bei Königswarter zun Frühstück. Nachmittag beim
555 3019 3395 3156 Emmy R. Abend Cary, Harry, Magdi bei mir. Ihnen die "Fochter des Hauses"
540 3129 3491 3322 vorgelesen, hat ihnen sehr gefallen. Schönes Zusammensein, gutes, dankbares
587 3278 2957 3447 Gefühl in mir.- Seit vorgestern Tauwetter, Frühlingsahnung.
552 3407 3403 3568 9.3. Harrys Anstellung perfekt. Bin glücklich. Ab 15. Vereinsmolkerei-
555 3525 1272 3687 400 S. monatlich.
586 3671 3517 3831 Abend mit A. im Kino. Seine Abreise nach Berlin für den 12. festgesetzt.
579 3802 2759 3932 Mir graut vor der Trennung. Ich finde ihn sehr blass.
550 3945 3407 4068 10.3. Vormittag holte mich A. zu einem kleinen Spaziergang. Er ist von
577 4090 3571 4220 grosser Zärtlichkeit zu mir. Wir treffen Louis Friedmann. Ueber Null Grad,
542 4195 2194 4381 es tropft von den Dächern. Ich bin froh.
