3690 4687
2856 190 2938 375 8
2828 390 3224 528 20 x 4 x 2 x
2790 482 3137 604 6.5. 26.
970 558 3386 751 Ich habe dieser Tage eine Karte an Dich nach Lissabon abge-
621 712 3383 863 schickt, heute eine nach Hamburg. Frieda hat ein Telegramm aus Palmas
619 867 3298 1002 von Dir erhalten, auch mir die Adressen Deiner Rückreise anzugeben.
605 993 3441 1127 Heute bekam ich ein Radio von Dir, sie soll Dir Post an Heinis Alresse
618 1098 1570 1258 nach Berlin nachsenden.
974 1233 3496 1398 Ich bin sehr ruhig geworden, habe mich erholt und arbeite viel.
602 1361 3263 1541 Du bist mir sehr fern gerückt und ich fühle kein Bedürfnis Dir zu
609 1525 3428 1670 schreiben, Dir etwas zu sagen. Du hattest es in der Hand unser Wieder-
589 1638 3333 1782 chen zu einem frohen, glücklichen zu gestalten - ich hätte über all
594 1750 3280 1904 die Verstimmungen dieses Winters einen Strich gezogen und wäre Dir
608 1895 3248 2015 noch einmal mit einem frehen und ganzen Herzen entgegengekommen -
577 1990 1977 2206 Du hast es offenbar nicht wollen.
2744 2159 3093 2305 8.5.26.
992 2256 3370 2435 Eine Karte aus Las Palmas, die mir nur sagt, dass ein rekom-
594 2438 3431 2566 mandiert Brief gleichzeitig abgeht. Ich werde inn wohl erst am Montag,
596 2564 3253 2690 übermorgen bekommen, da morgen Sonntag keine Post ausgetragen wird.
2742 2693 2952 2842 9.5.
982 2834 3198 2983 Ich fürchte mich vor dem Brief, der morgen kommen wird.
590 2948 3374 3101 Ich habe Angst vor dem Wiedersehen und ich hätte mich doch gerne ge-
593 3072 1387 3206 freut. - Warum, warum?
2771 3154 3023 3345 10.5.
979 3288 3309 3516 Der Brief aus Las Palmas! Ja, es muss sehr schön dort sein
588 3478 3347 3590 und es würde mich unbeschreiblich interessieren, welche Reiseroute Du
613 3575 701 3645 ..
569 3609 3290 3743 möglicherweise für die Rückreise nimmst, wenn auch ein Gedanke -ein
565 3738 3293 3861 Gefünl in diesen Zeilen wäre. Empfindest Du nichts oder bist Du 10
588 3875 3379 4009 vorsichtig? Ich bin Dir so fern, dass es mir nicht einmal weh tut. Ich
571 3987 3222 4152 sollte wahrscheinlich sehr stolz sein, dass Du mir so lange Briefe
573 4125 3343 4305 schreibst - Du mir - der berühmte Mann. - Nun, mein Lieber, ich fliege
3437 114 3585 275 290
