3771 4722
2379 285 3211 506 24.4.1928. Bl.2.
848 511 3351 662 oder Justinian) - eine unterirdische Halle von 300 Säulen ge-
856 655 3463 815 stützt, zwischen denen man durchrudert (erinnert an Bergwerksein-
847 792 3307 925 drücke, insbesondere durch das Endloswerden des Raumes. - Dann
853 977 3510 1104 eine Autofahrt über Pera, an den Bosporus, gegenüber der kleinasia-
857 1065 3471 1229 tischen Küste, Vorbei an dem verlassenen Palast und Park des Sul-
861 1188 3498 1332 tans und vielen andern merkwürdigen Gebäuden. Die Ausblicke immer
862 1326 2011 1439 wieder neu und überraschend.
844 1469 3410 1583 Mittag auf dem Schiff. Durch einen Händler (der seine Waren auf
847 1618 3343 1729 Deck feilbietet) lern ich einen türkischen Ingenieur, in Paris
866 1716 3396 1850 und deutschen Städten ausgebildet, kennen, der sich anbietet uns
1981 1810 2180 1926 Prenzen
869 1856 3415 1998 für eine Meerfahrt zu den P...inzeln den Cicerone zu machen.
859 1992 3385 2129 Wir nehmen einen (alten) schäbigen Dampfer an der Galatabrücke
872 2111 3304 2217 (Feiertag, Ueberfüllung), leider ist es trüb und beinahe kalt;
869 2260 3463 2354 die Fahrt trotzdem wunderbar; die Inseln selbst, einige tannenbe-
860 2372 3275 2525 waldet; - die grömsere mit zahlreichen Hotels, noch sehr Vor-
869 2494 3579 2629 Saison; - gäbe nicht das Meer seine Unendlichkeit und seinen Zauber
866 2626 3279 2775 dazu, so wüsst ich nicht, was an diesen Inseln zum Aufenthalt
859 2767 3318 2900 reizen sollte. Die grösste hat 6 Stunden im Umfang. Sehr mit
851 2878 3462 3029 Recht herrscht noch der Winterfahrplan; - das Schiff fährt weiter
861 3024 3431 3158 an der kleinasiatischen Küste; - wir setzten alle zum ersten Mal
863 3180 3419 3302 den Fuss auf den neuen Welttheil; fuhren längs der Küste in der
859 3286 3355 3409 Bahn (es war leider schon ganz dunkel) nach der Endstation, -
860 3433 3561 3533 die wieder einen Theil von Konstantinaepl vorstellt, und dann wie-
870 3566 3473 3695 der mit einer Riesendampffähre an die Galatabrücke, Möstliche Be-
873 3705 3366 3834 leuchtungen von Himmel und Erde aus; auffallend die unendlich
873 3828 3513 3950 vielen farbigen Lampen an allen Küsten. Alles hügelauf und hügel-
876 3944 3567 4076 ab und überall die riesigen Moscheen und die hunderten kleinen und
864 4047 3481 4193 grossen Kuppeln und die hundert schlanken in die Luft stechenden
849 4203 3405 4334 Minarette (so heissen doch wohl die Thürme der Mascheen). - Von
3537 103 3649 231 11
