3743 4647
437 560 830 714 6ten Okt.
469 667 2310 857 Abend Otto u. Emmy bei mir. A. bei Schmiedl.
436 818 1472 957 Schönstes Herbst-Wetter.
432 975 3508 1152 V. Mittag. A. zufällig Türkenschanzstr. allein begegnet. Er hatte etwas Na¬
433 1099 1710 1276 sen-Bluten. Ich bin ängstlich.
425 1223 3353 1377 Dann war ich beim Zahn-Arzt, u. in der Stadt. Abend mit A. bei »Der
415 1375 3471 1499 Congress tanzt« im neuen Scala-Kino. Gute Regie. A. etwas netter zu mir.
433 1483 752 1635 8. Okt.
431 1611 3511 1789 Spaziergang und in die Stadt mit A. Abend allein. N. M. 2tes Roman-Kapitel
421 1747 3472 1923 weiter dictiert. Bessere telefonische Gespräche mit A. Wenn nur sein Befin¬
420 1884 3468 2042 den besser wäre. Aufregung in der Stadt wegen Devisen-Verordnung. A. sehr
424 1989 1893 2150 nervös, aber gegen mich vertrauter.
423 2150 3438 2320 9ten V. M. Stadt N. M bei Porges, Abend mit A. im Schweden-Kino. »Razia
418 2258 3546 2416 auf Liebe« mit Prejean. Ich will es nicht verrufen – ein etwas gemütlicherer
426 2376 2178 2558 Ton zwischen uns. Ich geb mir solche Mühe–
425 2544 3658 2676 10ten – Wieder ein wundervoller Herbsttag. A. Vor Mit. vor meiner Türe getrof¬
422 2647 3370 2813 fen. Kurzer Spaziergang mit ihm. Ich allein dann weiter, er nach Hause.
422 2783 3582 2928 Ich trug später einen grossen Strauss Dalien zu ihm hinüber. Minna wollte dass
425 2908 1814 3074 ich eintrete aber ich gieng davon.
416 3067 3544 3194 Mittag Carry u Magdy. Mit Magdy vor Tisch eine Stunde in der Sonne gesessen
722 3182 3666 3327 Eben A. hier gewesen mein 2. Roman-Kapitel zum Lesen holen. Gieng
411 3307 3651 3454 noch ein paar Minuten mit ihn spazieren. Er sah müd und schlecht aus. Es tut mir
418 3407 3358 3555 so namenlos weh. Er war gestern und heute beim Ohren-Arzt da er gestern
425 3555 3629 3728 eine kleine Gehörs-Störung hatte, ausser seine gewöhnlichen Schwer-Hörig¬
403 3684 665 3835 keit.
417 3804 3498 3964 Den Nobel-Preis hat ein unbekannter Schwede bekommen. Daher wenigstens kei¬
408 3945 1408 4100 nerlei Kränkung für ihn.
402 4071 1175 4237 Sonntag IIten Okt.
409 4162 3448 4350 Mit A. aufs Kobenzl gefahren, zu Fuss herunter. Wieder ein wunder-voller
413 4341 3358 4519 Herbst-Tag aber A. so elend dass ich an meinen Tränen würgte. Mittag bei
