2794 3362
2116 309 2402 428 3.5.29.
549 437 2489 546 Kinder willen, es gäbe dies und jenes eben zu be-
511 571 2362 661 sprechen, so täuschtest Du mich und Dich selbst.
892 692 2528 832 Ich glaube nicht, dass irgend eine Frau,
489 836 2455 962 die reinen Herzens ist, in diesem Fall anders em-
520 969 2484 1089 pfinden könnte als ich. Es wäre Wahnsinn von Dir
501 1091 2514 1226 irgend etwas aufzugeben, was Dir Wunsch und Bedürf-
505 1246 2500 1367 nis ist. Ich verlange es nicht und ich möchte es
498 1355 2537 1499 nicht. Du scheinst immer zu glauben, dass ich Angst
500 1506 2417 1579 habe, Du könntest die O. zurücknehmen. Nein, mein
491 1618 2574 1715 Kind, daran denke ich gar nicht, umso weniger als ich
500 1758 2610 1878 in dieser Richtung nicht die geringsten Aspirationen
486 1888 2512 1986 habe. Es genügt meiner Eifersucht, wie Du esnennst,
497 2027 2567 2106 vollkommen, wenn Du einen Aufenthalt mit ihr teilst.
497 2163 2457 2242 Gemeinsame Ausflüge, gemeinsame Spaziergänge, eine
491 2298 2530 2401 gemeinsame Landschaft, eine Zugehörigkeit, und wenn
487 2404 2479 2539 diese Qual für mich auch nur acht Tage dauert, bis
485 2534 2482 2662 eben wieder eine neue kommt. Du sollst und darfst
487 2670 2375 2788 nichts aufgeben, ich gebe nur mich auf. Ich bin
483 2820 2565 2969 einfach dieser Situation nicht mehr gewachsen. Sage
478 2943 2444 3042 nicht: "Das alles, weil ich mir erlaube 8 Tage an
2656 146 2730 319 6
