3742 4662
1999 302 3303 439 Bern, den 15.1.1925. (nach Wien)
590 461 3286 642 Liebste, eben kommt Dein Brief vom 12., und ich gratuliere vor allen
529 587 3496 789 zu dem guten Fortschreiten Deiner Theaterangelegenheiten bei Glücksmann.
519 716 3457 937 Er ist am Ende ein praktischer Bühnenmensch und wenn er die Möglichkeit
545 828 3322 1063 einer Bühnenwirkung für die Redoute spürt (diese Wirkungsmöglichkeit
534 954 3348 1203 habe ich übrigens nie in Abrede gestellt, nur möchte ich eben doch, das
556 1137 3444 1315 weisst Du ja--) so haben wir allen Grund dieser Empfindung einen Wert
574 1230 3297 1430 beizulegen, besonders in praktischer Hinsicht. Auch hinsichtlich der
574 1364 3466 1577 Zusammenstellung mit zwei der früheren Einakter wird er schon das rich-
526 1469 1299 1630 tige Gefühl haben.
1056 1660 3398 1802 Der Spaziergang, den ich nun gestern Abend wieder gelesen,
547 1764 3324 1956 halte ich für die Bühne nicht geeignet, wenigstens in seiner jetzigen
511 1889 3321 2078 Form. Er müsste geschaffen und innerlich dialectischer sein -aber wie
488 2034 3403 2222 immer Du ihn auch unarbeiten würdest - man müsste diese äusserlich doch
533 2191 3384 2357 nur mässig bewegte Szene selbstverständlich vor der Redoute und nicht
505 2310 3329 2480 wie Du zu glauben scheinst, am Schluss des Abends spielen. Ich habe in
540 2418 3338 2626 dem Manuscript, das zugleich mit diesem Brief abgeht, wieder einige Be-
530 2573 3317 2755 merkungen geschrieben, die kaum einer näheren Erklärung bedürfen. Die
528 2695 2576 2854 eine Stelle, wo ich bemerkte "zu plötzlich" geb ich
2775 2727 3261 2862 besonders zu
464 2804 2555 2955 bedenken. Im ganzen hält mein Eindruck von neuli
2688 2838 3447 3022 vor: liebenswürdig,
486 2925 3333 3112 fein, stimmungsvoll; aber im sprachlichen nicht frei und gelöst genug,-
457 3042 3393 3254 ja man könnte gewissermassen sagen "gut geschrieben" - aber nicht ebenso
477 3203 3277 3389 "gut" geredet.- Am Freitag,d.h. Morgen wirst Du das Manuscript natür-
467 3333 3382 3533 lich noch nicht haben, mein Liebes; - ich erhielte es ja erst gestern Früh
465 3445 3471 3664 in Basel, las es gestern Abend als einsamer Gast in einer festlich beleuch-
456 3590 3310 3795 teten Riesen "hall" (das Hotel ist übrigens im ganzen gut besucht) und
427 3705 3322 3912 so geht es erst heute zurück; der Sicherheit halber sende ich es rekom-
446 3849 1387 3992 mandiert und express,-
931 3944 3290 4165 Der gestrige Abend endete tatsächlich mit einem Kino; - die
472 4092 3207 4364 "zehn Gebote", -ich hielt es aber nicht bis zum Ende aus - von 29-11
480 4248 3348 4486 schien mir genug, -insbesonders da die moderne Partie idiotisch war; be-
3459 122 3594 290 11
