3759 4670
1835 257 2611 477 Gmunden, 16.8.1931.
591 456 3408 631 Mein liebes Kind, ich sehe in unserer Correspondenz wirklich kein sol-
576 628 3324 790 ches "hin und her"; der Tag unserer Zusammenkunft stand so wenig fest
631 748 3518 897 als der Ort und was die Reise von Gastein hieher anbelangt überschätzst
550 887 3513 1039 Du die Entfernung. Der beste Zug von Gastein geht 16.10 (also oca 5 Uhr)
556 1042 3484 1159 ab, von Salzburg 18.45, ist in Attnang 20,45,von dort ab 21.30, an in Omun-
555 1151 988 1297 den 21.50.
550 1294 3287 1426 Nun hat sich immerhin die Sache insofern geändert, als Heipi um eine
561 1426 3283 1568 Verlängerung des Urlaubs bei der Staatstheaterintendanz eingekommen
546 1505 3224 1663 ist und im Falle der ziemlich sicheren Bewilligung bis Samstag 22.
536 1617 3416 1822 bei mir bleiben und zugleich mit 0. nach Berlin fahren dürfte. Dass
565 1791 3284 1912 ich die paar Tage gern noch mit ihm verbringen möchte, siehst
544 1941 3365 2070 Du gewiss ein. Bliebst Du also die paar Tage mehr in Gastein,
589 2068 3388 2196 so hättest Du eben Deine Zwöchentliche Kur beendet und wir würden uns
559 2206 3340 2311 am Sonntag den 23. treffen und bis Ende des Monats zusammen bleiben.
554 2325 3280 2475 Sollte es Dir unangenehm sein im gleichen Hotel hier abzusteigen, wo
557 2454 3345 2611 ich mit (Heini u.) O. zusammen gewohnt habe, so kann ich ohne weiters
552 2570 3304 2724 ins Kurhotel (das sehr nett) Übersiedeln (wo ich mir übrigens schon
547 2715 3269 2850 Zimmer angesehn habe.) Ich würde Salzburg vorziehn, aber ich wünsche
546 2867 3243 3007 nicht in die Festspielgesellschaft zu gerathen; und die Festzpiele
557 2970 3389 3110 dauern bis zum 31.- Schinnerer war über einen Tag in Aussee, kommt heut
558 3105 3244 3261 wieder und fährt Montag Abend weg (nach Berlin,Hamburg); Amerika am
576 3230 1992 3396 Dienstag Abend oder Mittwoch Früh.
547 3344 3437 3493 Ich hoffe aber mein Kind, dass der Aufenthalt von ein paar Tagen Dich in
546 3510 3323 3613 Deinen Entschlüssen nicht beeinflusst und dass wir hier noch etliche
548 3650 3391 3793 gute Tage haben werden. Schreib mir gleich und sei tausendmal gegrüsst
1498 3770 1719 3894 Dein
1689 3893 1795 4050 A
1622 4012 1905 4135 - - - -
3528 136 3661 279 20
