3690 4666
3412 97 3569 243 304
2801 261 3158 441 27.7.26
605 491 3420 642 haupten, aber anderes ist mir wichtiger.-Ich habe diese letzten Wochen
597 627 3459 783 so schön gefunden und ich hatte das Gefühl, dass wir uns so lieb hatten
591 730 3518 909 wie noch nie (bitte sage, dass auch Du das weisst) und da habenich am oft
606 894 3476 1050 gewünscht, es gäbe keine Schweiz und keine Sommerreise und es würde noch
566 993 3430 1154 lange,lange so fort dauern. Bitte überdenke den Brief und antworte mir
585 1157 3400 1317 gleich, ob ich doch am 8. in die Schweiz fahren soll oder ob Du mich am
589 1264 3273 1458 15. in Salzburg treffen und mit mir nach Golling gehen willst. Ich
576 1398 3395 1561 würde Dich auch dort Anfang September ein paar Tage allein lassen und
576 1541 3426 1676 nach Aussee gehen, dann zu Dir zurückkommen, wenn Du willst oder,wenn Du
591 1648 3423 1839 schon am 2. September nach Wien gehst, auch von Aussee nah Wien fahren.
1129 1810 3448 2001 Im übrigen solltest Du die Badner Novelle (Spiel im Mor-
582 1881 3306 2081 gengrauen") und den Roman rasch fertig machen, so dass beides bei
580 2046 3365 2230 verschiedenen Verlagen noch vor Weihnachten erscheinen könnte und zum
565 2196 3460 2381 Frühjahr zu schon wieder was Neues. Wenn Du sos lange mit einer Arbeit
562 2301 3319 2503 herumziehst, verhinderst Du selbst die Erscheinungsmöglichkeiten. Und
559 2440 3275 2611 die Badher Novelle ist so prachtvoll und der Schluss doch jetzt so
556 2575 3442 2732 klar, dass Du damit in drei Tagen fertig sein musst. Und dann kommt eine
531 2724 3404 2918 neue wundervolle Novelle und ein Stück. Aber bitte bitte nicht die No-
555 2823 3363 3012 velle, die ich nicht mag. Ich weiss ja, Du wirst sie herrlich schreiben,
546 2965 3441 3154 ich weiss genau, wie Du sie schreiben wirst, ich fuhle es direkt und ge-
542 3119 3309 3300 rade das tut mir weh. Ich bin auch sehr begierig, zu welchem Stück Du
538 3198 1598 3376 Dich entschliessen wirst.
1019 3368 3421 3531 Eben schickt mir Frieda den "Laudin" herüber, ich werde mich
535 3480 3492 3670 zeitlich niederlegen und lesen. Carly ist als "Theaterarzt" in das Moderne
533 3634 3305 3810 Theater gegangen und ich bin ganz allein. Ich sage Dir für heute Gute
520 3743 1899 3899 Nacht, mein Liebes, und küsse Dich.
1012 3932 3304 4120 Guten Morgen! Der Himmel ist wieder grau und es hat bis-
515 4083 3437 4262 her geregnet. Ich habe mit Schlafmittel fest und gut bis 8 Uhr geschlafen
518 4217 3458 4395 und viel Dummes, Zusammenhangloses geträumt. Eben rief B. an, sehr begeis-
