3771 4618
516 218 1120 449 Tgb. 2.6.1931.
2905 442 3411 585 Gott, schicke
526 420 2198 611 - Ach, mir ist übel, Übel. Ich muss mit Carn
512 591 1409 745 mir eine Erleuchtung.
514 735 3553 887 3.6. Anruf A. in der Früh. Die Gesellschaft hätte, da das Wetter so schlecht
511 852 3520 973 war, bei ihm genachtmahlt. Ich antwortete, es sei nie etwas anderes bestimmt
518 968 3493 1128 gewesen, da man schon um 10 Uhr Früh, während er mir von der Ueberhandfahrt
509 1158 3533 1283 erzählte, die Krebse für den Abend abgesotten hat. "Ich finde diese Unwahr-
507 1228 3546 1403 heiten deiner und meiner mehr als unwürdig, aber ich gedenke nicht mehr über
522 1379 3045 1512 das ganze Vorgehen zu sprechen". Dann belanglose Konversation.
513 1485 3575 1696 Gott, wenn der Mann gesund wäre wünste ich, was ich zu tun hätte. So aber bin
512 1620 1074 1798 ich machtlos.
506 1795 3503 1912 Abend mit Beer-Hofmann von trostloser Langweile, die durch A.'s ganzes We-
513 1881 2800 2064 sen veranlasst. Er gähnte laut. Ich lade nicht mehr ein.
507 2044 3352 2152 4.6. A. entschuldigte sich heute Früh wegen seines gestrigen Benehmens
512 2142 3388 2298 mit seinen besonderen Unbehagen. Ichbrief wieder Dr.D. an, der ihn übri-
509 2297 3453 2399 gene gestern untersucht hat und ihn angeblich besser findet. Er A. holte
502 2426 3553 2590 mich um ½12 trotz trüben Wetters, da er abends wieder nicht frei ist. Angeb-
681 2491 1039 2594 Collegen
517 2569 3343 2714 lich xxx von Heini zum Nachtmahl. Wir fuhren auf den Cohenzl und
508 2685 3586 2841 gingen zu Fuss herunter. Er frug nicht einmal, was ich heute noch tue (Frohn-
497 2795 3510 2966 leichnam). Konversation über Theater. - Ich lag fast den ganzen Nachmittag
510 2955 3504 3104 am Divan. Wieder ein Tag um. Es wird doch nicht mehr lang so weiter gehen.
500 3068 3479 3235 5.6. Gestern sehr einzum. Else erkrankt. Musste wie unter grossen Schwie-
502 3201 3360 3346 rigkeiten im Wiedner Krankenhaus unterbringen. Nur durch Carry möglich
507 3315 2790 3451 gewesen (Diffuse Bronchitis). Jetzt bin ich ganz allein.
492 3424 3467 3631 A. erzählte mir heute Früh telefonisch, es sei gestern "ein lustiges Völk-
504 3603 3456 3745 chen" bei ihm gewesen, Schauspieler und Schauspielelinnen. Er war bis gege
504 3726 3064 3887 1 Uhr auf, der müde alte Mann!! Ich traf A. später in der Stadt
511 3858 3160 4036 fällig am Kohlmarkt. Ich soll Abend bei ihn essen. Wir begegneten
493 3975 1344 4135 Siegfried Trebitach.
485 4132 3308 4277 6.6. Gestern Abend bei A. Nur Heini anwesend. Forcierte Gespräche und
3534 131 3685 318 183
