3743 4634
603 314 828 447 1928
646 458 3413 668 verlorene Kind"). Sehr begabt, aber scheusslich. Sehr beglückendes Zu-
617 643 2581 768 sammensein und Einvernehmen zwischen A. und mir.
609 774 3369 935 18.6. Wetter gebessert, aber unsicher. A. eben bei mir. Sehr lieb und
546 922 2928 1056 heiter. Sehr gutes Gespräch über uns und unsere Beziehung.
559 1049 3499 1209 Vormittag 14 Stunden spazieren gegangen. Steinfeld, dann gegen Rettenbach
535 1182 3449 1346 und über Doktor Sterzens Abendsitz zurück. Nach Tisch Zauner. Es regnet
543 1315 1729 1470 s enon wieder - wir arbeiten.
607 1410 3411 1605 19.6. Vormittag in Wolfgang bei unsicherem Wetter. Kirche besichtigt.
556 1560 3408 1724 Auf einer Bank gesessen. Bestes Einverständnis. Nach Tisch bei Zauner.
579 1688 3442 1840 Frau Flegmann und die noch ärgere Baronin Rinaldini, Tochter von Julius
2367 1806 2721 1888 Gewitter
550 1842 3450 2008 Bauer, zu uns gesetzt. Nachmittag furchtbares wegen. Meinen
588 1967 2878 2117 Roman zu Ende korrigiert. Was werde ich mit ihm erleben?
593 2113 3316 2242 20.6. Regen! Gegen Mittag spazieren. Es ist wirklich zu schade, dass
588 2202 3292 2368 man nicht mehr von diesem Aufenthalt hat. Bin nur froh, dass A. gut
531 2359 3328 2528 a ussieht und meist in guter Stimmung ist. Sagte mir gestern, er kenne
555 2448 3411 2630 keine Frau, die so viele gute Eigenschaften hat als ich. Ich meinte, das
559 2617 3520 2769 kommt ihm nur so vor, weil er Frauen mit besonders schlechten Eigenschaf-
591 2757 3399 2906 ten gekannt hat. Mir wäre lieber, er würde einfach sagen: Ich hab dich
596 2886 3393 3017 sehr lieb. Aber er findet, ich müsse das fühlen und manchmal merke ich
594 3022 3442 3180 es auch wirklich.- Gegen Abend im Kino. "Rintintin" - langweiliger Hun-
549 3113 1907 3278 defilm. Vor Schluss fortgegangen.
553 3274 3390 3403 21.6. Es sieht regnerisch aus. Wir reisen. Sehr zärtlicher Morgen - -
502 3391 3338 3550 Heimfahrt still, etwas gedrückt. Zuhause alles in Ordnung vorgefunden.
543 3509 3266 3672 Gespräche mit den Kindern. Brief vom Deutschen Theater (Kahane). Er
574 3628 3425 3779 findete "Mimi" und Gwendi" reizend, will mit dem Diektor Klein sprechen.
570 3768 3507 3961 Buschbeck (Burg) hat in meiner Abwesenheit angerufen. Ich soll entschul¬
576 3937 3395 4068 digen, dass so lange kein Bescheid kommt. Abend hat A. noch angerufen.
501 4054 3474 4219 22.6. Vormittag Stadt, Friseur etc. Zu Tisch - Frieda. Nachmittag Emmy und
3536 109 3660 295 12
