3755 4694
591 348 2852 550 Hotel Corno D'Oro Lido Venezia Sonntag II. 8. Früh 1927
585 483 3613 654 Meinliebes, Ich habe deinen Brief vorgefunden, als ich gestern spät abends
599 602 3516 756 aus Venedig von einem Nachtmal bei Capellinis zurückkehrte, so kann ich
611 787 3609 939 ihn erst heute morgens beantworten; -der Portzer bringt ihn trotz des Sonn-
609 895 3618 1049 tags um 12 zur Bahn.-Ich kann dir kaum viel andres erwidern, als ich schon
607 1022 3696 1149 so oft gesagt: dass du doch nicht immer wieder Eigenheiten und wenn du
615 1141 3574 1311 willst Mängel meines Wesens, als speziphische Einstellungen dir gegenüber
615 1296 3659 1466 betrachten sollst! wieder sprichst du von meiner Vorsicht, meinem Wunsch m
612 1391 3617 1561 mich zu bewahren, - der freilich mit Vorsicht garnichts zu tun hat - den ich
627 1545 3635 1695 immer nicht einmal bewust- gehabt habe- und der wahrscheinlich eine seeli-
611 1689 3661 1852 sche Schutzvorrichtung vorstellt, wie sie bei Künstlern insbesonders,
613 1802 3633 1944 automatisch in Funktion zu treten pflegt. Ich kann nun einmal nicht Worte
625 1930 3675 2092 aussprechen, wie sie verlangt vielleicht erwartet werden,- was du mir als 8
624 2065 3582 2214 Geliebte und Freundin bedeutest, müsste dir doch eigentlich in diesen 4½
629 2202 3553 2325 Jahren, so ziemlich klaar geworden sein. Du sagst man sollte in unseren
629 2333 3554 2467 Jahren nicht so ihr auf Freiheit bedacht sein, sondern froh sein, dass
619 2459 3590 2580 man einander besitze. Mit dem Letzten, sehr einverstanden - aber schließt
638 2623 3555 2741 denn Freude am Besitz die höchst bescheidene und nie misbrauchte Art von
624 2764 3583 2856 Freiheit aus, ohne die ich nun einmal nicht existieren kann und umsome-
627 2854 3551 3004 niger, je älter ich werde. Was meine Beziehung zu 0. anbelangt, so wie-
635 2977 3514 3139 derhole ich immer wieder nur das es dir wenn du gerecht und klar däch-
634 3101 3608 3215 test, eine Beruhigung gewähren müsste, dass diese Beziehung aus Gehässig-
623 3216 3666 3383 keiten und Gereiztheiten heraus, sich zu einer ruhigen und freundschaftlich
636 3355 3564 3504 chen entwickelt hat und müsstest doch begreifen, dass unsere gelegentli-
641 3515 3482 3655 chen Gespräche und Unterhaltungen ein Zusammensein mit einer Frau die
629 3664 3668 3779 immerhin 20 Jahre... u. s. w.- Du weisst ja das Alles- auch nicht im Entse
638 3774 3513 3892 ferntesten eine Verletzung deiner Rechte oder deiner Gefühle bedeutet.
621 3897 3672 4015 Nichts wäre mir selbst erwünschter, als über wenn ich, wieüber alle Bäug¬
634 4017 3608 4185 Dinge so auch über diese - wie ich immer wieder versuche - vorbehalt und
629 4152 3435 4285 rückhaltlos mit die sprechen könnte,- aber ist es nicht niederdrückend
630 4271 3371 4370 und beschämend immer wieder dein Mistrauen deinen Groll, deiner Ge-
632 4404 3575 4526 kränktheit und Einsichtslosigkeit zu begegnen? Weder Kontrolle noch ver-
3599 91 3671 271 57
