3755 4670
1971 367 3043 472 Forte dei Marmi 10.9.1925.
1944 434 2999 581 (nach Wien Pension Kremer)
641 499 1369 626 Mein sehr Liebes,
1012 566 3394 715 in Mailand bin ich alle Waggons dreimal entlang gelaufen -
615 698 3331 822 es war vor allem nicht zu eruieren, welcher der Züge nach Wien gehen
615 800 3467 921 sollte, - und ob überhaupt einer der beiden dastehenden der Wiener Zug sei -
613 947 3497 1074 ich nahm an, dass Du irgend eine Coupéecke besetzt hattest und sie nicht
595 1107 3379 1234 mehr verlassen wolltest. Kurz und gut ich musste es endlich aufgeben
607 1225 3331 1346 und als ich drüben mein Gepäck im Genueser Zug untergebracht, traute
599 1343 3398 1493 ich mich doch nicht mehr meine Entdechungsreisen wieder aufzunehmen.
598 1471 3393 1605 Nun wie immer - ich hoffe, du bist gut gereist und angekommen und hast
609 1600 3412 1768 dich von meinen herzlichsten und zärtlichsten Reisewünschen begleitet
577 1745 3291 1874 gefühlt, wenn ich sie Dir auch nicht mehr an der Coupé¬
608 1869 2004 2010 thüre zum Ausdruck bringen konnte.
610 2006 3291 2148 Ich für meinen Theil bin bis Genua ganz bequem gereist; - dort gab
583 2134 3411 2280 es für ein paar hundert Reisende, zwei facchini ; - und ich musste mei¬
594 2247 3282 2368 ne Gepäckstücke stiegab stiegauf in den Zug nach Viareggio schlep¬
598 2400 3304 2559 pen, der, besonders die erste Klasse, überfüllt war. Die Fahrt am Meer
592 2522 3316 2666 (durch ungezählte Tunnels) sehr schön. In Viareggio um 5,- ein Auto
589 2681 3395 2816 genommen, das mich (12 Kilometer) nach Forte brachte; - durch allerlei
644 2797 3368 2916 andere Strandorte, die neben einander liegen.- Das Hotel präsentiert
598 2893 3283 3060 sich recht vornehm und besticht sofort durch die gute Lage am Meer
628 3057 3430 3185 mit dem wundersamen Blick ins Weite über die unzähligen Cabbanen hin.
588 3172 3351 3304 Lili war bei O. im Zimmer als ich ankam; - sie sieht glänzend aus und
585 3317 2949 3451 scheint überhaupt mehr Seejungfrau als Berggeist zu sein, -
589 3422 3438 3603 Ich machte gleich einem Recognostierungsgang durch das (sehr ansehnli¬
585 3580 3348 3698 che) Dorf, das sich längst der Küste hinzieht. Später sassen wir alle
586 3697 3395 3853 (auch Frau K. mit Tochter, sowie der fünfte, ein Freund der Frau X. aus
572 3814 3189 3972 Cöln, der dortige Sache (ungefähr, netter unbeträchtlicher Herr) am
615 3932 3396 4136 Strand in meinem Kahn und sahen die Sonne untergehn; - Far¬
571 4089 3321 4254 benspiele des Meers,- Wolkenspiele am Himmel, es bewegte mich sehr -
598 4213 3418 4400 - Das Diner weniger reichlich (glücklicherweise) als in Cellerina, aber
578 4343 3302 4467 sehr gut. Nachher ein Ball im Freien (sowie Du mir von Riva er¬
