3742 4671
2198 309 2646 443 29.6.1924.
662 514 3388 671 Guten Morgen, Liebster. Ich bin heute recht verstimmt und es fehlt
694 643 2940 791 mir sehr, dass ich Dich nicht anrufen und erzählen kann.
691 748 3519 918 Das Vorgehen der Neuen Freien Presse wird immer rätselhafter. Gestern
738 906 3307 1040 den 28.Früh erhielt ich einen Brief vom 26., der sich mit meiner
703 1030 3258 1195 Unterredung mit Paul W., am Freitag den 27. gekreuzt hatte und
686 1182 3282 1279 vor dieser, wie Du siehst abgegangen ist. "Sehr geehrte gnädige
672 1312 3447 1441 Frau. Wie ich Ihnen bereits schrieb, sollen die Géraldy -Dich-
682 1450 3443 1563 tungen Sonntag erscheinen. Ich bitte also nochmals dringendst um das
684 1564 3410 1686 durchgesehene Manuscript des langen Gedichts und um einigeandere
669 1702 3406 1820 kleine Gedichte. Jedesfalls bitte ich keineswegs anderwärts darüber
652 1862 3312 1983 zu verfügen und mir, wenn irgend möglich, damit wir noch etwa über
670 1930 3445 2098 Kleinigkeiten sprechen können, morgen das Vergnügen Ihres Besuches zu
679 2119 3427 2257 machen. Mit besten Grüssen Ihr ergehener P.W." Den Inhalt und Resul-
655 2218 3385 2384 tat der Unterredung habe ich Dir bereits gestern berichtet. Gestern
672 2334 3366 2467 Vormittag brachte mir bereits ein Bote die Bürstenabzüge. Es waren
644 2471 3325 2633 nur winzige Korrekturen zu machen. Der Titel der Gedichte und mein
664 2590 3408 2753 Näme waren so klein gedruckt, dass ich dem Boten zeigte,dass sie das
658 2735 3433 2864 erste Mal viel deutlicher waren und schrieb daneben fett drucken. Zur
666 2888 3256 3028 Vorsicht rief ich um 4 die Druckerei an und Herrn Hajek, den mir
655 3008 3398 3163 Dr. W. letzthin zu diesem Zweck angegeben hatte. Er sagte mir, erhabe
643 3123 3433 3295 die Korrekturen schon bekommen und meinte Titel und Namen des Ueber-
646 3271 3481 3435 setzers würden immer so gedruckt, worauf ich erwiderte, er soll es ganz
666 3422 3308 3562 so machen, wie er es richtig finde. Er sagte mir dann noch, dass er
671 3549 3401 3688 auch einen Roman von mir zu setzen habe und mir in den ersten Tagen
661 3655 3223 3814 der Woche die ersten Korrekturbogen schicken wird. Die Gedichte
669 3778 3174 3960 sind aber heute Früh nicht in der Neuen Freien Presse. Das ist
648 3917 3308 4096 doch einfach unverständlich. Ich kann natürlich heute kaum jemand
655 4064 3287 4213 telefonisch erreichen. Ich habe das Gefühl, dass da doch unbedingt
654 4190 3367 4332 irgend eine geheimnisvolle Macht imSpiel ist, denn es ist doch nicht
651 4323 3171 4449 zu verstehenndass Gedichte, die um 4 Uhr in der Druckerei sind,
3515 97 3614 241 63
