3754 4703
1875 235 3125 390 Venedig, 25.4.1927, gegen Abend.
586 445 3375 584 Liebste, vom Sonntag ist also zu berichten, dass ich Vormittag in
557 567 3457 683 der Casa Mahler war, wohin ich mit Hilfe der Karte, meines Orientierungs-
559 731 3338 834 vermögens und einiger Fragen zu Fuss fand. Das Haus, besonders der in
558 801 3326 966 Flieder blühende Garten, mauerumschlossen an einem der kleinen Kanäle
555 966 3358 1101 sehr anmutig. Politisches. Der Wertelsche Aufruf, der von Felix Salten
2671 1053 2787 1148 vo
563 1112 3274 1272 sozialdemokratisch verschärft wurde, (er kann alles) - in dem Werfel
562 1231 3326 1363 selbst hoffte, dass er nicht erscheinen würde - und der nun plötzlich
567 1366 3324 1538 (hast Du ihn gelesen? ich nicht) auch Almas Unterschrift widerrecht-
558 1496 3254 1642 lich trug (sie hat dagegen protestiert) - Auch die andern Damen des
541 1629 3230 1732 Hauses waren anwesend, - Almas Mutter, Frau Moll; ihre Stiefschwester
587 1778 3276 1885 Maria und ihre Tochter Anny. Alma begleitete mich in die Stadt zu-
547 1881 3275 1992 rück.-Mittagessen mit Lili und Arnoldo im Giorgone. Ich befand mich
554 2010 3279 2157 mässig und nährte mich von Spagetti.-Nachmittag nicht sehr wohl, las
554 2151 3322 2256 ich F.S.Roman "Martin Overbeck" - er kann doch nicht alles: das Buch
555 2262 3244 2433 ist geradezu stupid.- Spaziergang ins blaue, allein, es bleibt immer
541 2425 3084 2584 köstlich in Venedig auf Entdeckungen auszugehen; an jeder Ecke
551 2535 3272 2693 gibt es eine neue (und ich bin "phantastisch genug", um es zu genies-
544 2670 3308 2785 sen. (Nachtmahl im Bonvechiati, dann mit den Kindern Markus-
535 2808 3239 2938 platz "Florian", und mich an den deutschen Touristen mit Jägerhüten
528 2900 1750 3057 oder Capitänskappen erfreut.-
535 3034 3227 3172 Heute Frün Reisebureau; Schlafwagen erst für Samstag bekommen. Auf
534 3183 3342 3325 Wohnungssuche mit Libi und Arnoldo - dann mit Lili allein; wir xxx
543 3327 3350 3445 fanden (nach einer Annonze) eine sehr hübsche Wohnung in einem völlig
540 3441 3341 3582 renovierten Haus, - drei Häuser weit von Alma, beeichtigten sie nochmals
541 3563 3313 3729 nach dem Mittagmahl mit Arnoldo; besprachen die Sache mit dem sympath-
546 3700 3217 3840 thischen Hausherrn und seiner Frau, einer Engländerin. Die Lage ist
549 3811 3296 3998 ausgezeichnet, alles licht, blitzblank und geräumig; - bei einigem Ent-
531 3975 3296 4112 gegenkommen von der anderen Seite wird sich die Sache vielleicht ma-
539 4098 3425 4268 chen lassen. Immerhin sind Lili und Arnoldo eben weiter auf der Suche;
527 4224 3423 4395 ich will morgen in die nähere Wahl eintreten. Auch möchte ich, dass Alma
3513 100 3636 275 13
