2793 3358
1920 306 2398 444 9. I. 1896.
817 619 1949 779 Sehr geehrter Herr Doktor!
466 861 2444 1009 Ich halte mein Versprechen, und bitte Sie nur um
320 968 2312 1106 ein sehr aufrichtiges und nachsichtsloses Urteil.
329 1134 2536 1215 Ich weiss selbst dass die Sache sehr schwach ist, denn
316 1267 2476 1356 ich habe sie in grösster Eile und zwischen unzähligen
324 1391 2416 1506 anderen Beschäftigungen hingeschmiert und nicht mal
295 1522 2477 1622 Zeit gefunden, sie eigenhändig abzuschreiben. Ich er-
318 1652 2444 1789 warte mit grosser Ungeduld ihre Antwort, die Sie mir
313 1778 2310 1930 durch meinen Sklaven Arthur Klein senden könnten.
1216 1968 2125 2119 Mit schönsten Grüssen
1963 2100 2605 2238 die Verfasserin
