3771 4694
1863 148 2788 318 zeichnungen begonnen am
1278 144 1552 291 Tagebu
1732 276 3047 407 von Schloss Neudorf nah Botzen
607 259 1652 426 22 ten 8. 1927 auf der Falle
605 433 3452 548 Noch nie bin ich mit so wenig guten gefühlen A. entgegengefahren. Ich
395 522 2254 666 fürchte mich fast vor diesem Zusammentreffen.
403 664 3604 823 Dieser qualvolle Winter die Aufregungen in den Letzten Tagen in Wien und jetzt
412 815 2978 958 wieder dieser rücksichtslose Zwang, der auf mich ausgeübt wird.
417 921 3499 1091 Diese 12 Tage in Schloss Neudorf waren weiss Gott nicht angenehm, trotz der
417 1048 3440 1222 grossen Liebenswürdigkeit der Hausleute. Langweile Krankenhausstimmung.
412 1210 3431 1329 Ich schreibe das ich Freitag komme (der Tag war für unser Zusammentreffen
413 1303 3531 1491 fixiert) Er telegrafiert,- Montag, und dabei bleibt es, ob es mir nun passt
422 1478 3543 1598 oder nicht. Ich habe diese ganze weite unständliche Reise Bolsano von Neudorf
422 1603 3635 1750 nach Bolzano nicht wollen. - ich muss. Es bliebe mir nur übrig nach Wien zurückzu
427 1704 3478 1826 fahren. Und das gäbe Katastrophen. Und wenn er hundertmal betont, dass er
411 1851 3553 1992 nur mich liebt, dass die O. ihm nichts bedeutet, dass er froh ist sie los zu
2318 1940 2997 2043 und lächerlichen
413 2015 3507 2131 sein, itgendwo braucht er doch ihre intelektuellen Phrasen  und ihr ko-
413 2095 2884 2231 mödiantisches Getue. Hinter seinem Vorgehen steht nur die O.
418 2217 3635 2398 Meine Gefühle sind nichtmehr was sie waren, es ist zu viel Erbitterung in mir.
416 2391 3597 2550 8 Uhr abend (seit 7 Uhr früh unterwegs) Die grenze passiert. Fraüdende Fahrt,
417 2494 1227 2661 Stimmung sehr down.
424 2615 3601 2778 Eben hat mich eine Dame im Gang angesprochen, ob ich die "berümte" Schriftst
428 2772 3585 2903 stellerin C. K. P. sei. Diese s. g. Berühmtheit wird rasch verblassen, wenn es
430 2894 3584 3041 mit meiner Arbeitsfühigkeit so weiter geht.- In 2% St. soll ich A. wiedrsehen,
422 3032 2511 3140 - ich fürchte mich - das kann nicht gut ausfallen.
411 3139 3465 3288 Mit Verspätung sehr ermattet um dreiviertel elf angekommen. A. an der Bahn.
410 3219 3627 3418 Er sehr beflissen, ich unfähig ein Freundliches Wort zu sagen, trotz Blumen und
420 3385 3605 3522 Früchten in meinem Zimmer.- Er will mich bewegen in seinem Hadezimmer zu baden
428 3525 3367 3659 - ich lehne ab- In der Stimmung, nein. Wie schön war das im Vorjahr--
411 3652 3589 3826 23ten Vor. Mittag Bunmel durch die Stadt. Ich sehe trotz schlechten Schlaf sehr
422 3804 3603 3967 gut aus. A. versucht Zürtlichkeiten, ich bleibe zurückhaltend. Aufforderung
436 3925 3351 4044 mir doch sein Zimmer anzusehen. Schliesslich heftige Auseinandersetzungs
425 4019 3443 4154 Ich soll froh sein, dass zwischen der O. und ihm jetzt eine gute harmlose
3576 109 3668 244 55
