3787 4703
2065 314 3119 514 Hohenschwangau, 21.8.1928.
676 533 3402 678 Mein Liebes, ich will chronikalisch berichten: gestern Vormittag mit
673 691 3491 816 Heini ein kleiner Spaziergang, Schwansee. Nachmittag fuhr ich nach Füs-
723 813 3330 956 sen; - wie ich eben ins Hotel will fährt ein Motormann samt Gattin
691 956 3477 1096 vor; -ein Lehrer aus Rosshäuptern, der in der Füssener Zeitung gelesen,
677 1089 3351 1231 dass ich da sei und die Gelegenheit etc. etc.-Ich lass mir allerlei
725 1206 3402 1326 über Schule und politische Verhältnisse in dieser Gegend erzählen; -
696 1343 3483 1464 es scheint ganz gemütlich hier zuzugehen: der Herr Lehrer spielt auch
720 1482 3552 1619 in Operetten mit, die Tochter des Herrn Schulrates ist seine Partnerin;
731 1583 2122 1735 und in der Kirche spielt er Orgel.
682 1751 3408 1879 Vergeblicher Versuch zu arbeiten; völlige innere Verödung.-Nach dem
681 1862 3369 2003 Nachtmahl sitzen wir im Lesezimmer und lesen (ich das Dizraelibuch
685 1994 3003 2130 und Schloss von Kafka). -Tiefer Schlaf, trauriges Erwachen.
675 2120 3028 2236 Heute Regen; gegen Mittag eißn kleiner Spaziergang am See.
674 2242 3510 2366 Gleich nach Tisch Deine beiden wahrhaft wohltuenden Briefe vom Sonntag.
711 2387 3491 2535 Du wirst sehen, dass die Luft, die Höhe, der Wechsel der Umgebung schon
688 2485 2918 2658 gute Wirkung haben werden. (Schöner - ist nicht nötig.)
667 2612 3513 2796 Ich will mir meine Manuscriptey hernehmen.-Was hilfts! Ich weiss sehr
680 2757 3445 2898 tief von allem Guten, das mir vergönnt ist, vor allem von Deiner Liebe
729 2919 3466 3046 und Güte. Ichxx xxx fühle sie, fuhle Dank und irgendwas wie Beruhigung
2315 2996 2437 3072 die
652 3032 3424 3169 bin froh, dass Du auf der Welt bist.-Aber Sehnsucht, die unerfüll-
685 3162 3534 3274 bare, unstillbare - die Ferne, die keiner fassen kann - nicht einmal ich
697 3302 1595 3430 selbst - ist immer da.
720 3411 2242 3586 Sein umarmt, mein geliebtes Wesen, Dein
2272 3539 2394 3679 A.
1707 3649 1911 3802 .......
3442 127 3553 302 1.
