2794 3362
2506 122 2667 306 326
1845 311 2184 441 3.8.26.
446 410 2687 560 einen Flirt von einst, den ich viele Jahre nicht gesehen
428 545 2561 678 hatte, der früher sehr hübsch war und jetzt sehr fett
467 694 2523 833 ist. Er fand wieder einmal, dass ich unglaublich jung
429 832 2431 964 aussehe und frug lachend, ob ich schon 25 bin oder
481 965 2438 1095 rst werde. Uebrigens ein bösartiges Indiviuum,vor
1321 1059 1363 1113 de
414 1097 2450 1244 dem ich mich mit einem gewissen Flair immer gehüte
405 1208 658 1316 habe.
404 1332 2569 1503 Der Hofrätin E. sagte ich, dass ich ihren Namen öfters
405 1468 2480 1630 von Dir gehört hätte, worauf sie sehr erfreut schien
414 1624 2601 1780 und sagte, sie habe Dir gerade wegen eines Filmantrages
404 1731 2543 1888 telegraphiert.Man Diete Dir 10.000 Mark und 2000 Dol-
399 1876 2473 2032 lar, aber Dir sei es zu wenig.Deine Sachen seien als
389 1982 2593 2180 Filme schwer plazierbar, weil sie zu gut sind,man brau¬
390 2148 2429 2294 che Kitsch. Mit Kitsch seien Vermögen zu verdienen.
396 2242 2420 2401 Ich soll ihr einen Jandings-Film schreiben. Auch ein
371 2387 2408 2520 Stück mit einer grossen, rührenden mutterrolle wird
381 2533 2659 2670 gesucht. Ob da nicht das "Vermächtnis" zu verwenden wäre?
369 2658 2416 2782 ich habe daran gedacht, aber nichts gesagt, weil ich
376 2798 2483 2913 doch nicht weiss, ob es Dir recht wäre. Ich denke über
378 2949 2599 3091 einen Janings-Film nach. Es müsste etwas Sentimal-Bruta-
383 3060 1193 3248 les sein, denke ich.
