2793 3358
1733 273 2066 404 Juli 189
1689 421 2253 546 Markt-Aussee
1023 650 1605 808 Lieber Herr Doktor
570 923 2253 1067 Ich hab mich mit Ihren lieben Zeilen sehr
257 1079 2208 1195 gefreut und freu mich nun sehr auf Ihren Besuch.
254 1215 2339 1349 Meine Mama lässt Sie bitten, sich nur ja recht bald
239 1306 309 1393 de
275 1341 2398 1456 bei uns anzusagen, natürlich uns auch zum Speisen das
329 1479 2291 1610 ergnügen zu machen und überhaupt einen ganzen Tag
255 1591 1048 1720 unser Gast zu sein.
250 1721 2447 1862 Sie kommen doch mit einem ganz frühen Zug. Ich glaube
260 1865 2437 1990 es trifft einer um 9 Uhr etwa hier ein. Wir sind immer
271 1997 2413 2123 von 8 Uhr an auf und je früher Sie kommen, desto bes-
256 2098 684 2229 ser ist's.
231 2253 2441 2343 Jedenfalls aber schreiben Sie mir Tags zuvor eine Zei-
243 2378 2412 2482 le. Ich habe gerade eine kleine Erzählung beendet, xxx
239 2518 2331 2610 die ich wieder an die "Zeit " senden will aber nun
237 2655 2450 2745 wart ich damit bis Sie sie gelesen haben. Ich übersezz
230 2795 2248 2885 auch Gedichte von Verlaine und das wird mir recht
238 2910 2377 3044 schwer aber ich glaub, das ist eine sehr gute Uebung.
249 3030 2333 3183 Ich bin sehr ungeduldig über " Alles " mit Ihnen zu
2546 105 2696 295 4/16
