<?xml version="1.0" encoding="UTF-8" standalone="yes"?>
<PcGts xmlns="http://schema.primaresearch.org/PAGE/gts/pagecontent/2013-07-15" xmlns:xsi="http://www.w3.org/2001/XMLSchema-instance" xsi:schemaLocation="http://schema.primaresearch.org/PAGE/gts/pagecontent/2013-07-15 http://schema.primaresearch.org/PAGE/gts/pagecontent/2013-07-15/pagecontent.xsd">
    <Metadata>
        <Creator>prov=READ-COOP:name=TrHtr:version=0.0.6:model_id=44522:date=25_11_2022_11:52</Creator>
        <Created>2022-11-17T16:35:48.015+01:00</Created>
        <LastChange>2022-11-25T11:52:54.139Z</LastChange>
        <TranskribusMetadata docId="1233893" pageId="50263741" pageNr="588" tsid="105032572" status="IN_PROGRESS" userId="40391" imgUrl="https://files.transkribus.eu/Get?id=VNENIZTRHJGGEVSYUSIBDGRF&amp;fileType=view" xmlUrl="https://files.transkribus.eu/Get?id=PONKEWADHAJEUPQVDHUEEFQY" imageId="41050736"/>
    </Metadata>
    <Page imageFilename="HIN-155550_0588.tif" imageWidth="3770" imageHeight="4694">
        <ReadingOrder>
            <OrderedGroup id="ro_1670241786486" caption="Regions reading order">
                <RegionRefIndexed index="0" regionRef="r1"/>
            </OrderedGroup>
        </ReadingOrder>
        <TextRegion id="r1" custom="readingOrder {index:0;}">
            <Coords points="575,148 575,4524 3584,4524 3584,148"/>
            <TextLine id="r1l1" custom="readingOrder {index:0;}">
                <Coords points="2242,503 2324,536 2439,486 2571,540 2756,495 3042,532 3103,489 3288,480 3288,422 3092,393 2621,437 2243,407"/>
                <Baseline points="2261,480 2311,480 2361,482 2412,482 2462,482 2513,482 2563,483 2614,483 2664,483 2715,483 2765,483 2815,483 2866,483 2916,483 2967,485 3017,485 3068,485 3118,485 3169,485 3219,485 3270,486"/>
                <TextEquiv>
                    <Unicode>Hohenschwangau, 30.8.1928.</Unicode>
                </TextEquiv>
            </TextLine>
            <TextLine id="line_1668771745659_4185" custom="readingOrder {index:1;}">
                <Coords points="640,716 3285,721 3285,649 2925,577 640,584"/>
                <Baseline points="659,675 685,677 711,678 737,678 764,678 790,678 816,677 842,677 869,678 1752,681 1827,681 1903,681 1979,681 2054,681 2130,681 2206,681 2281,681 2357,681 2433,681 2509,681 2584,681 2660,681 2736,683 2811,683 2887,684 2963,684 3038,686 3114,687 3190,689 3266,690"/>
                <TextEquiv>
                    <Unicode>Mein Liebes, heute ein echtes, allzu echten Herbstwetter, mit Nebel,</Unicode>
                </TextEquiv>
            </TextLine>
            <TextLine id="line_1668771740812_4180" custom="readingOrder {index:2;}">
                <Coords points="608,822 1069,894 3382,785 2554,691 609,744"/>
                <Baseline points="626,804 652,807 678,809 704,810 730,811 757,812 783,812 809,812 835,812 862,812 888,810 914,810 940,810 966,810 993,810 1019,811 1045,812 1071,814 1098,815 1574,812 1663,812 1752,813 1842,813 1931,813 2021,813 2110,813 2200,813 2289,815 2379,815 2468,815 2557,815 2647,815 2736,815 2826,816 2915,816 3005,816 3094,816 3184,816 3273,816 3363,818"/>
                <TextEquiv>
                    <Unicode>Regen und sehr herabgesetzter Temperatur. Eigentlich setzte das schon</Unicode>
                </TextEquiv>
            </TextLine>
            <TextLine id="line_1668771750627_4190" custom="readingOrder {index:3;}">
                <Coords points="604,954 3466,986 3467,915 605,876"/>
                <Baseline points="623,938 655,938 688,939 721,939 754,939 787,939 820,941 853,941 886,941 919,941 952,941 984,941 1017,941 1050,942 1083,942 1116,942 1149,942 1182,943 1215,944 1248,944 1281,944 1485,942 1583,944 1681,944 1779,945 1878,945 1976,945 2074,945 2172,945 2271,945 2369,945 2467,945 2565,945 2664,945 2762,945 2860,945 2958,945 3057,945 3155,947 3253,947 3351,948 3450,950"/>
                <TextEquiv>
                    <Unicode>vorgestern ein:-gestern Vormittag eine Unterbrechung - besonders schön,</Unicode>
                </TextEquiv>
            </TextLine>
            <TextLine id="r1l8" custom="readingOrder {index:4;}">
                <Coords points="613,1084 2266,1079 2444,1158 3265,1133 3443,1105 3444,1012 614,980"/>
                <Baseline points="630,1070 769,1071 909,1071 1049,1073 1189,1073 1329,1074 1468,1074 1608,1076 1748,1076 1888,1076 2028,1077 2167,1077 2307,1077 2447,1079 2587,1079 2727,1079 2866,1079 3006,1080 3146,1080 3286,1080 3426,1082"/>
                <TextEquiv>
                    <Unicode>so dass wir alle Fünf um den See spazierten. Heute Mittag reisen Heini</Unicode>
                </TextEquiv>
            </TextLine>
            <TextLine id="r1l9" custom="readingOrder {index:5;}">
                <Coords points="604,1245 3445,1210 3078,1104 604,1138"/>
                <Baseline points="623,1197 763,1199 903,1200 1043,1202 1183,1202 1323,1203 1463,1205 1604,1205 1744,1206 1884,1206 2024,1208 2164,1208 2304,1208 2444,1209 2585,1209 2725,1211 2865,1211 3005,1211 3145,1212 3285,1212 3426,1212"/>
                <TextEquiv>
                    <Unicode>und Ruth direkt (über München natürlich) nach Berlin. - Wir andern blei-</Unicode>
                </TextEquiv>
            </TextLine>
            <TextLine id="r1l10" custom="readingOrder {index:6;}">
                <Coords points="606,1359 3408,1400 3369,1242 607,1238"/>
                <Baseline points="624,1328 762,1329 900,1331 1038,1332 1177,1334 1315,1335 1453,1337 1591,1338 1730,1338 1868,1339 2006,1340 2144,1340 2283,1341 2421,1341 2559,1341 2697,1341 2836,1343 2974,1343 3112,1343 3250,1344 3389,1344"/>
                <TextEquiv>
                    <Unicode>ben bis Sonntag resp. Montag,-Michaelis kommen nicht, da er etwas lei-</Unicode>
                </TextEquiv>
            </TextLine>
            <TextLine id="r1l11" custom="readingOrder {index:7;}">
                <Coords points="643,1478 3219,1547 3294,1543 3295,1394 643,1404"/>
                <Baseline points="659,1458 789,1460 920,1460 1051,1461 1182,1463 1313,1463 1444,1464 1574,1466 1705,1466 1836,1467 1967,1468 2098,1469 2229,1470 2360,1470 2490,1472 2621,1473 2752,1473 2883,1475 3014,1475 3145,1476 3276,1476"/>
                <TextEquiv>
                    <Unicode>dend scheint (sehr schwere Depression, wie es scheint); ebensowenig</Unicode>
                </TextEquiv>
            </TextLine>
            <TextLine id="r1l12" custom="readingOrder {index:8;}">
                <Coords points="603,1610 3397,1671 3398,1553 2849,1503 604,1503"/>
                <Baseline points="621,1586 766,1589 911,1590 1056,1592 1201,1593 1347,1593 1492,1595 1637,1596 1782,1598 1927,1599 2073,1599 2218,1601 2363,1601 2508,1602 2653,1602 2799,1604 2944,1604 3089,1604 3234,1604 3380,1604"/>
                <TextEquiv>
                    <Unicode>Frau Dita Schneider, Prof. Billiter. So fahren wir, A., O. und ich am Sonn-</Unicode>
                </TextEquiv>
            </TextLine>
            <TextLine id="r1l13" custom="readingOrder {index:9;}">
                <Coords points="608,1727 3399,1802 3399,1667 3100,1619 609,1656"/>
                <Baseline points="626,1722 763,1724 901,1724 1039,1725 1176,1725 1314,1725 1452,1727 1589,1727 1727,1728 1865,1728 2003,1728 2140,1730 2278,1730 2416,1731 2553,1731 2691,1733 2829,1733 2966,1734 3104,1736 3242,1737 3380,1739"/>
                <TextEquiv>
                    <Unicode>tag, ev. Montag nach München - er von dort am Tag darauf, eventuell noch</Unicode>
                </TextEquiv>
            </TextLine>
            <TextLine id="r1l14" custom="readingOrder {index:10;}">
                <Coords points="596,1866 3444,1886 3444,1786 597,1766"/>
                <Baseline points="615,1850 755,1851 896,1853 1036,1853 1177,1854 1317,1856 1458,1856 1598,1857 1739,1857 1879,1859 2020,1859 2161,1860 2301,1860 2442,1862 2582,1862 2723,1863 2863,1863 3004,1865 3144,1865 3285,1866 3426,1868"/>
                <TextEquiv>
                    <Unicode>am gleichen nach Venedig; -O. nach Berlin; ich nach Wien.-Wie mans auch</Unicode>
                </TextEquiv>
            </TextLine>
            <TextLine id="r1l15" custom="readingOrder {index:11;}">
                <Coords points="630,1985 3378,2041 3439,1927 630,1917"/>
                <Baseline points="648,1979 786,1980 925,1982 1063,1982 1202,1983 1340,1985 1479,1985 1617,1986 1756,1986 1894,1988 2033,1988 2172,1989 2310,1989 2449,1991 2587,1991 2726,1992 2864,1994 3003,1994 3141,1995 3280,1997 3419,1998"/>
                <TextEquiv>
                    <Unicode>nimmt, es ist ein trauriges Auseinanderstieben und mein Herz, das daran</Unicode>
                </TextEquiv>
            </TextLine>
            <TextLine id="line_1668771759916_4198" custom="readingOrder {index:12;}">
                <Coords points="567,2142 2944,2182 3397,2157 3398,2039 568,2017"/>
                <Baseline points="587,2112 649,2112 711,2111 774,2111 836,2111 899,2111 961,2111 1023,2111 1086,2112 1148,2112 1211,2112 1273,2114 1335,2114 1398,2115 1460,2115 1523,2115 1585,2117 1647,2117 1710,2117 1772,2117 1835,2115 2135,2118 2197,2120 2259,2121 2321,2121 2383,2121 2445,2121 2507,2123 2570,2123 2632,2123 2694,2123 2756,2123 2818,2123 2880,2123 2942,2124 3005,2124 3067,2124 3129,2126 3191,2127 3253,2129 3315,2130 3378,2132"/>
                <TextEquiv>
                    <Unicode>gewohnt sein könnte, tut mir wieder einmal weh. Du weisst, mein Liebes,</Unicode>
                </TextEquiv>
            </TextLine>
            <TextLine id="r1l19" custom="readingOrder {index:13;}">
                <Coords points="2125,2198 2146,2203 2163,2192 2178,2191 2183,2200 2199,2192 2222,2204 2255,2189 2278,2216 2296,2220 2312,2143 2294,2140 2277,2121 2252,2134 2234,2130 2213,2144 2204,2138 2181,2141 2169,2127 2141,2122"/>
                <Baseline points="2147,2183 2173,2183 2199,2183 2226,2187 2252,2198 2279,2214"/>
                <TextEquiv>
                    <Unicode>aus</Unicode>
                </TextEquiv>
            </TextLine>
            <TextLine id="line_1668771773420_4208" custom="readingOrder {index:14;}">
                <Coords points="590,2263 3431,2263 3431,2185 2885,2163 591,2174"/>
                <Baseline points="608,2241 665,2240 722,2240 780,2240 837,2240 894,2240 952,2240 1009,2241 1066,2241 1124,2243 1181,2243 1238,2244 1296,2244 1353,2244 1410,2243 1468,2243 1525,2241 1582,2240 1640,2237 1697,2233 1755,2229 1941,2250 2014,2250 2088,2250 2161,2250 2235,2250 2309,2250 2382,2250 2456,2252 2530,2252 2603,2253 2677,2253 2751,2255 2824,2255 2898,2255 2972,2256 3045,2256 3119,2256 3193,2256 3266,2256 3340,2256 3414,2255"/>
                <TextEquiv>
                    <Unicode>dass ich - nicht "trotzden" - sondern ungebrochenem Empfinden he-</Unicode>
                </TextEquiv>
            </TextLine>
            <TextLine id="line_1668771778427_4213" custom="readingOrder {index:15;}">
                <Coords points="600,2381 3444,2402 3413,2302 601,2303"/>
                <Baseline points="617,2370 668,2372 719,2372 770,2372 821,2373 872,2373 923,2373 974,2373 1025,2373 1076,2373 1127,2373 1178,2373 1229,2373 1280,2375 1331,2375 1382,2375 1433,2376 1484,2376 1535,2378 1586,2379 1638,2381 2217,2381 2277,2382 2337,2384 2398,2385 2458,2385 2519,2385 2579,2387 2640,2387 2700,2387 2761,2387 2821,2387 2881,2387 2942,2387 3002,2387 3063,2388 3123,2388 3184,2388 3244,2389 3305,2390 3365,2391 3426,2393"/>
                <TextEquiv>
                    <Unicode>raus, mich Dir wahrhaft entgegenfreue... wenn ich auch jedesen Wort, das</Unicode>
                </TextEquiv>
            </TextLine>
            <TextLine id="r1l25" custom="readingOrder {index:16;}">
                <Coords points="603,2538 3355,2543 3238,2435 604,2427"/>
                <Baseline points="620,2501 755,2502 891,2504 1027,2504 1163,2505 1299,2507 1434,2508 1570,2508 1706,2510 1842,2511 1978,2511 2113,2513 2249,2513 2385,2514 2521,2516 2657,2516 2792,2517 2928,2517 3064,2519 3200,2519 3336,2520"/>
                <TextEquiv>
                    <Unicode>mit Freude die gleiche Wurzel hat, nur mehr mit Zagen und Bitterkeit</Unicode>
                </TextEquiv>
            </TextLine>
            <TextLine id="line_1668771783684_4218" custom="readingOrder {index:17;}">
                <Coords points="598,2667 3261,2682 3261,2589 2662,2531 599,2552"/>
                <Baseline points="618,2630 671,2630 725,2631 778,2631 832,2633 886,2634 939,2634 993,2635 1047,2636 1100,2636 1154,2637 1208,2637 1261,2638 1315,2639 1369,2639 1422,2639 1476,2639 1530,2640 1583,2640 1637,2640 1691,2640 1977,2645 2040,2643 2103,2643 2166,2643 2230,2642 2293,2642 2356,2643 2419,2643 2483,2643 2546,2645 2609,2645 2672,2646 2736,2646 2799,2648 2862,2648 2925,2649 2989,2649 3052,2651 3115,2651 3178,2651 3242,2651"/>
                <TextEquiv>
                    <Unicode>auszusprechen vermag. Du verstehet und verzeihst. - - Ich habe nur</Unicode>
                </TextEquiv>
            </TextLine>
            <TextLine id="line_1668771788332_4223" custom="readingOrder {index:18;}">
                <Coords points="598,2774 2558,2780 2725,2859 3311,2782 2855,2664 599,2699"/>
                <Baseline points="617,2762 677,2762 737,2762 797,2762 857,2762 917,2763 977,2763 1037,2765 1097,2765 1157,2765 1217,2766 1277,2766 1337,2768 1397,2768 1457,2769 1517,2769 1577,2769 1637,2769 1697,2769 1757,2769 1817,2769 2057,2774 2118,2775 2180,2775 2242,2777 2304,2777 2366,2778 2427,2778 2489,2778 2551,2778 2613,2778 2675,2778 2736,2778 2798,2778 2860,2778 2922,2778 2984,2778 3045,2780 3107,2780 3169,2781 3231,2783 3293,2784"/>
                <TextEquiv>
                    <Unicode>etliches sozusagen aphoristisches zuendegeschrieben - habe mich noch</Unicode>
                </TextEquiv>
            </TextLine>
            <TextLine id="r1l30" custom="readingOrder {index:19;}">
                <Coords points="591,2914 2415,2966 3233,2884 592,2825"/>
                <Baseline points="608,2891 738,2892 868,2892 999,2894 1129,2895 1260,2897 1390,2897 1520,2898 1651,2900 1781,2901 1912,2901 2042,2903 2172,2904 2303,2906 2433,2907 2564,2907 2694,2909 2824,2910 2955,2912 3085,2913 3216,2913"/>
                <TextEquiv>
                    <Unicode>nicht entschlossen von meinen andern Sachen (seit dem misglückten</Unicode>
                </TextEquiv>
            </TextLine>
            <TextLine id="r1l31" custom="readingOrder {index:20;}">
                <Coords points="3205,2991 3223,2991 3240,2983 3262,2991 3265,2987 3283,2998 3298,2987 3337,2983 3337,2923 3298,2919 3287,2930 3258,2901 3248,2912 3233,2898 3205,2898"/>
                <Baseline points="3222,2976 3254,2976 3286,2976 3318,2976"/>
                <TextEquiv>
                    <Unicode>das</Unicode>
                </TextEquiv>
            </TextLine>
            <TextLine id="line_1668771793764_4228" custom="readingOrder {index:21;}">
                <Coords points="578,3033 3307,3083 3355,2998 579,2947"/>
                <Baseline points="596,3020 647,3018 699,3018 750,3019 802,3020 853,3020 905,3020 956,3021 1008,3021 1059,3021 1111,3021 1162,3021 1214,3021 1265,3021 1317,3021 1368,3020 1420,3019 1471,3017 1523,3015 1574,3013 1626,3009 1929,3032 1999,3032 2069,3033 2139,3033 2210,3033 2280,3034 2350,3035 2421,3035 2491,3036 2561,3036 2632,3036 2702,3038 2772,3038 2842,3038 2913,3039 2983,3039 3053,3041 3124,3041 3194,3042 3264,3042 3335,3044"/>
                <TextEquiv>
                    <Unicode>Versuch mit "Wort" und "Zug der Schatten") was vorzunehmen. Das xxx</Unicode>
                </TextEquiv>
            </TextLine>
            <TextLine id="r1l34" custom="readingOrder {index:22;}">
                <Coords points="572,3166 2602,3239 3305,3209 3306,3109 572,3063"/>
                <Baseline points="590,3150 724,3152 859,3153 994,3153 1129,3155 1264,3156 1399,3158 1534,3159 1669,3159 1804,3161 1939,3162 2073,3162 2208,3164 2343,3165 2478,3165 2613,3167 2748,3168 2883,3168 3018,3170 3153,3170 3288,3171"/>
                <TextEquiv>
                    <Unicode>Schluss von Kafka zu Ende (eine sehr eigentpuliche Sache) und leze</Unicode>
                </TextEquiv>
            </TextLine>
            <TextLine id="r1l35" custom="readingOrder {index:23;}">
                <Coords points="583,3313 3370,3336 3350,3207 584,3206"/>
                <Baseline points="600,3282 737,3282 875,3284 1012,3284 1150,3285 1288,3287 1425,3287 1563,3288 1701,3290 1838,3291 1976,3293 2114,3294 2251,3296 2389,3296 2527,3297 2664,3299 2802,3300 2940,3300 3077,3301 3215,3302 3353,3302"/>
                <TextEquiv>
                    <Unicode>jetzt das Tagebuch eines halbwüchsigen Mädchens (ein Originalwerk,vom</Unicode>
                </TextEquiv>
            </TextLine>
            <TextLine id="r1l37" custom="readingOrder {index:24;}">
                <Coords points="620,3446 2954,3501 3315,3483 3316,3372 621,3331"/>
                <Baseline points="639,3410 771,3411 904,3413 1037,3414 1170,3416 1303,3417 1436,3417 1569,3419 1702,3420 1835,3420 1968,3422 2100,3423 2233,3425 2366,3425 2499,3426 2632,3428 2765,3428 2898,3429 3031,3431 3164,3432 3297,3434"/>
                <TextEquiv>
                    <Unicode>paychoanalytischen Verlag herausgegeben - das allerdings psychoanal</Unicode>
                </TextEquiv>
            </TextLine>
            <TextLine id="r1l38" custom="readingOrder {index:25;}">
                <Coords points="626,3567 3185,3572 3139,3464 627,3452"/>
                <Baseline points="645,3536 771,3539 897,3540 1023,3543 1149,3545 1275,3546 1401,3548 1528,3549 1654,3549 1780,3551 1906,3551 2032,3551 2158,3552 2284,3552 2411,3552 2537,3554 2663,3555 2789,3555 2915,3557 3041,3558 3168,3561"/>
                <TextEquiv>
                    <Unicode>tisch nichts neues bringt, aber als amüsantes Wiener Cultur-bild</Unicode>
                </TextEquiv>
            </TextLine>
            <TextLine id="r1l39" custom="readingOrder {index:26;}">
                <Coords points="581,3688 2682,3743 3346,3717 3347,3620 581,3606"/>
                <Baseline points="599,3666 735,3668 871,3671 1008,3672 1144,3674 1281,3674 1417,3675 1553,3677 1690,3678 1826,3678 1963,3680 2099,3681 2235,3681 2372,3683 2508,3684 2645,3686 2781,3687 2917,3689 3054,3690 3190,3692 3327,3693"/>
                <TextEquiv>
                    <Unicode>darf.) Nachmittags hab ich mich übrigens meist ins Bett gelegt - eine</Unicode>
                </TextEquiv>
            </TextLine>
            <TextLine id="r1l40" custom="readingOrder {index:27;}">
                <Coords points="628,3817 3075,3874 3372,3830 3373,3744 628,3742"/>
                <Baseline points="647,3795 782,3798 917,3800 1053,3803 1188,3804 1323,3806 1459,3807 1594,3809 1729,3810 1865,3810 2000,3812 2135,3812 2271,3813 2406,3814 2541,3815 2677,3816 2812,3816 2947,3818 3083,3819 3218,3821 3354,3822"/>
                <TextEquiv>
                    <Unicode>so unzagbare Müdigkeit ist in mir.- Und über das Geschehene reden ist</Unicode>
                </TextEquiv>
            </TextLine>
            <TextLine id="r1l41" custom="readingOrder {index:28;}">
                <Coords points="620,3992 3193,4023 3482,4001 3483,3908 621,3871"/>
                <Baseline points="638,3927 779,3930 920,3932 1062,3933 1203,3935 1344,3937 1486,3938 1627,3939 1768,3941 1910,3942 2051,3942 2192,3944 2334,3945 2475,3947 2616,3947 2758,3948 2899,3950 3040,3951 3182,3953 3323,3954 3465,3956"/>
                <TextEquiv>
                    <Unicode>noch immer besser als es vermeiden. - Denn man denkt doch kaum anderes.</Unicode>
                </TextEquiv>
            </TextLine>
            <TextLine id="r1l42" custom="readingOrder {index:29;}">
                <Coords points="587,4131 3131,4119 3339,4081 3340,3974 588,3978"/>
                <Baseline points="605,4053 740,4056 876,4059 1012,4062 1148,4064 1283,4065 1419,4067 1555,4068 1691,4070 1826,4071 1962,4073 2098,4073 2234,4074 2369,4074 2505,4076 2641,4076 2777,4077 2912,4079 3048,4079 3184,4080 3320,4082"/>
                <TextEquiv>
                    <Unicode>"Kaum" sah ich, weil nämlich auch andere Gespräche stattfinden, beson-</Unicode>
                </TextEquiv>
            </TextLine>
            <TextLine id="r1l43" custom="readingOrder {index:30;}">
                <Coords points="566,4209 2649,4285 3456,4235 3457,4139 566,4113"/>
                <Baseline points="584,4188 726,4191 869,4193 1012,4196 1154,4197 1297,4199 1440,4200 1582,4202 1725,4203 1868,4203 2011,4205 2153,4206 2296,4208 2439,4208 2581,4209 2724,4211 2867,4211 3009,4212 3152,4214 3295,4215 3438,4217"/>
                <TextEquiv>
                    <Unicode>ders über Arnoldos Zukunft. Ihm kommen wir immer näher; und da man doch</Unicode>
                </TextEquiv>
            </TextLine>
            <TextLine id="r1l44" custom="readingOrder {index:31;}">
                <Coords points="557,4373 3144,4397 3327,4291 558,4263"/>
                <Baseline points="575,4325 711,4326 848,4328 985,4329 1121,4331 1258,4332 1395,4334 1531,4335 1668,4337 1805,4338 1942,4340 2078,4341 2215,4341 2352,4343 2488,4344 2625,4344 2762,4346 2898,4346 3035,4347 3172,4349 3309,4349"/>
                <TextEquiv>
                    <Unicode>immer in menschlich-unmenschlicher Weise abzumessen nicht unterlassen</Unicode>
                </TextEquiv>
            </TextLine>
            <TextLine id="r1l45" custom="readingOrder {index:32;}">
                <Coords points="559,4534 3407,4508 3193,4379 560,4409"/>
                <Baseline points="576,4475 716,4478 857,4482 997,4485 1138,4488 1279,4490 1419,4491 1560,4493 1701,4494 1841,4494 1982,4494 2123,4494 2263,4494 2404,4494 2545,4494 2685,4493 2826,4493 2967,4491 3107,4490 3248,4488 3389,4488"/>
                <TextEquiv>
                    <Unicode>kann, auch innerhalb des seelischen - ihm glaub ich ist unter allen das</Unicode>
                </TextEquiv>
            </TextLine>
            <TextLine id="r1l46" custom="readingOrder {index:33;}">
                <Coords points="3444,313 3485,330 3507,329 3522,346 3560,333 3592,337 3619,139 3598,133 3553,148 3524,148 3468,137"/>
                <Baseline points="3471,248 3499,253 3527,259 3555,263 3584,261"/>
                <TextEquiv>
                    <Unicode>141/2</Unicode>
                </TextEquiv>
            </TextLine>
            <TextEquiv>
                <Unicode>
































</Unicode>
            </TextEquiv>
        </TextRegion>
    </Page>
</PcGts>
