2793 3358
1639 337 2314 481 26. August 1897.
1629 448 2196 555 Markt - Aussee
1028 681 1634 835 Lieber Arthur!
399 899 2309 1017 Ich hätt Dir eigentlich schon sehr gerne früher
285 1023 2385 1139 geschrieben, aber ich hielt mich absichtlich zurück,
235 1182 2381 1290 weil ich nicht möcht, dass Dir meine Briefe, vielmehr
238 1281 2380 1407 die Beantwortung derselben lästig wird, denn die muss
246 1424 2520 1552 ich immer gleich kriegen, sonst geh ich in einer grossen
236 1566 2541 1691 Aufregung herum und glaub gleich, es ist was vorgefallen.
228 1676 2345 1784 Diese drei Wochen waren übrigens sehr bewegt und ich
231 1817 2393 1910 hab Dir nun wenigstens viel zu erzählen. - Jener lie-
231 1956 2345 2071 benswürdige junge Mann hat sich nämlich in mich ver-
229 2104 2238 2203 liebt und bereits um mich angehalten. -ich hab nur
241 2215 2432 2364 Sympathie für ihn, nicht mehr und glaub bloss er wäre
239 2357 2396 2468 als Mann für mich sehr angenehm, da er mit all meinen
235 2462 2279 2615 Neigungen wie Schreiben und Theaterspielen einver-
240 2594 2223 2755 standen ist. Dergleichen sogar protegieren würde,
226 2713 2354 2868 auch äusserlich hübsch ist, sehr gut zu sein scheint
232 2861 2361 2997 gute Manieren hat und sehr soigniert ist. Wenn meine
222 2990 2430 3124 Eltern dafür wären, könnte ich ja wohl ruhig ja sagen,
221 3091 2233 3235 aber gegen eine Abneigung derselben für die Sache
2600 150 2656 195 1.
2530 161 2686 320 7/26
