3686 4670
1808 289 3246 387 Semmering,20.5.1927. Südbahnhotel.
515 269 1133 428 An A.S., Wien.
1549 367 3478 478 ist war, zur Erholung für einge Tage auf dem
1520 419 3078 612 Semmering, wo mich A. besucht hatte.
520 548 929 699 Liebster,
878 636 3327 822 es hat vor meiner Abfahrt entschieden mehr nach Sonne ausge-
517 825 3215 936 sehen als eben jetzt, wo wieder dicke schwarze Regenwolken über den
535 948 3359 1060 Bergen stehen. Ich bin ganz langsam Schritt für Schritt nach Hause ge-
564 1072 3334 1168 gangen. Es war mir doch leid um die 4 Schillinge für einen Wagen und
541 1198 3322 1328 ich hatte das Bedürfnis noch ein wenig an der Luft zu sein. Nun sitze
531 1331 3381 1458 ich in meinem Zimmer, in dem noch ein wenig von dem Duft Deiner Zigarre
528 1476 3327 1613 ist. Ich werde jetzt, ohne mich umzukleiden, hinuntergehen, denn ich bin
512 1601 3322 1706 müde und hungrig und diesen Brief will ich ohnedies erst morgen been-
529 1725 3332 1842 den und express absenden, bis ich weiss, ob ich schon morgen fahre oder
540 1829 1050 2008 noch bleibe.
2611 1977 2973 2104 21.5.27.
1080 2065 3380 2246 Bei Sonnenschein und blauem Himmel erwacht. So fahre ich
524 2240 3323 2359 keinesfalls heute nach Wien und alles Uebrige entscheidet Dein morgi-
532 2357 1518 2497 ger telefonischer Anruf.
1084 2466 3334 2635 Ich denke so; Haft Du Zeit und Lust, dann kommst Du Mon-
517 2632 3334 2726 tag Mittag herauf und wir fahren Dienstag mit dem 17 Uhr-Zug zusammen
538 2756 3337 2872 hinunter. Du sagest ja selbst, dass Du solche Ausflüge nicht gerne auf
517 2873 3381 3002 länger ausehnet, also wozu von Dienstag auf Donnerstag? Die Frieda kann
518 3031 3292 3174 Dir dann den Montag am Mittwoch einbringen und Du versäumst auch den
520 3136 3445 3284 Donnerstag nicht. Aber bitte um Himmelswillen zwinge Dich zu gar nichts,
528 3300 3294 3404 dern damit ist niemand geholfen. Heute ist es hier sehr schön, aber ob
572 3422 3399 3537 es Dienstag auch noch schön sein wird? -Ich möchte nicht, dass Du wie-
518 3558 3444 3677 der einen Regentag erwischst. Und ist es schliesslich am Dienstag schön,
533 3670 3371 3813 so kann es auch in Wien sehr schön sein - am Abend am Sommerheidenweg -
529 3811 3410 3908 weisst Du noch? Es kommt ja nicht darauf an wo, sondern wie man zusammen
527 3945 3337 4064 ist. Ich freue mich ja sehr, wenn Du noch heraufkommst, aber ich möchte
522 4060 3249 4208 nicht noch 3½ Tage bis Dienstag Mittag allein sein. Du unterschätst
526 4192 3368 4317 glaube ich den Zustand meiner Nerven und ich brauche jetzt ein bischen
520 4313 3373 4465 Nachsicht und Schonung. Glaube mir, ich nehme mich ohnedies mehr zusam-
3488 81 3603 229 22
