3787 4698
2544 362 2904 520 Blatt 2
1859 383 2321 526 21.4.1926.
748 548 3316 778 gen, chamant - von einem Hass merkt man gar nichts,umso weniger
759 718 3451 862 als eine ganze Anzahl ehemalige Oesterreicher sind, die automatisch
764 841 3086 1009 zu Italienern wurden; einige mit deutscher Muttersprache.
2317 976 2765 1120 22.4.1926.
745 1098 3490 1236 Etwas westlicher - binnen kurzem werden wir den Greenwhich Meridian
764 1224 3449 1403 passieren, eine verhältnismässig unschädliche Provedur, - nur dass
765 1379 3449 1515 die Uhr um eine Stunde zurückgerückt werden muss. Von der Südlich-
712 1504 3345 1616 keit ist noch immer nichts zu merken. Das Meer ziemlich bewegt -
763 1643 3414 1758 was ich wohlthuend empfinde, der Himmel grau, die Luft so kalt, dass
765 1788 3418 1883 einem die Finger frieren. Wundervoll der gestrige Sonnenuntergang
762 1929 3377 2049 (aber es bliess mir beinah den Zeiss von den Augen weg). Im gan-
771 2052 3298 2190 zen thut mir die Existenz auf dem Schiff nicht nur wohl, sondern
763 2167 3427 2320 eher auch gut: einer lange angesammelten Müdigkeit nachgeben- und
770 2303 3341 2431 nachgeben müssen ist besser als Pillen nehmen.- Lili lässt Dir
771 2419 3489 2576 sehr danken für die "Mimi", die sie mit grossem Vergnügen gelesen hat.
767 2558 3506 2704 Sie findet, dass die jungen Mädchen damals doch nicht anders gewesen
771 2708 1462 2826 sind als jetzt.-
765 2809 3456 2963 Ich will diesen Brief erst in Lissabon abschliessen, denn dort erst
779 2981 3463 3088 kann ich das weitere Programm meiner Reise endgültig feststellen; -
768 3095 3482 3215 nachdem ich bei verschiedenen Schiffahrtsgesellschaften Erkundigun-
773 3248 3450 3340 gen eingezogen habe. Fahrt von Lissabon am 26. nach Las Palmas ist
767 3337 1441 3488 wahrscheinlich.-
1921 3463 2725 3617 Lissabon, 24.4.1926.
764 3612 3454 3723 Und auch heute weiss ich noch nicht mehr. Die Bureaux der Schiffs-
768 3741 3407 3843 gesellschaften sind heute Nachmittag und morgen Sonntag geschlos-
769 3855 3538 3984 sen - so werde ich wohl erst in Las Palmas entscheiden können, welche
754 3987 3325 4107 Route ich heimwärts nehme. Dort kommen wir am 29. an und es wird
758 4142 3349 4249 sich zeigen, ob wir Kajüten auf einem holländischen Dampfer nach
3559 103 3607 287 73
