3686 4694
2857 315 3238 432 11.9.27.
459 534 3278 700 damit es etwas Schönes wird. Ich will weder sagen, was ich von Dir und
465 714 3266 861 Deinem Herzen erhoffe, erwarte, noch Dir Versprechungen machen. Nur der
469 856 3306 989 Grad unserer Liebe soll massgebend sein für das, was wir tun und unter-
473 994 3121 1110 lassen. Ich könnte noch sehr viel sagen, aber mir ist, als wenn man
474 1147 3195 1240 schon an all den Worten müde würde. Heute braucht es etwas anderes.
481 1244 3318 1351 Wenn Du im Grunde dasselbe willst, wie ich und mit ehrlichen Herzen da-
470 1366 3256 1496 bei bist, dann wird vielleicht alles nicht nur gut, sondern besser, als
475 1497 3316 1651 es je war. Es bleibt mir keine Heit mehr von mir zu erzählen, der Brief
465 1666 3400 1757 muss auf die Post, darum ist er auch so gehetzt und schlecht geschrieben.
466 1765 1874 1915 Aber verstehen wirst Du ihn doch.
1230 1878 2326 2056 Ich küsse Dich. Deine C.K.
3508 112 3588 221 61
