3771 4622
547 264 1200 422 Tøb. 19.6.1931.
524 468 3412 573 Das Stück "Komparserie" von Duschinkki sehr gut, sehr ergreifend,Heinis
555 623 3278 758 Inscenierung brillant. Nachher brachte mich A. nachhause. Ruth und
558 712 3460 854 Heini bei ihm zu Tisch. Ruth fährt angeblich Dienstag fort. Die Familie
547 875 2323 1011 der "Zwischenspiele" - dazu tauge ich nicht.
557 995 3390 1137 Gestern Mittag die Kinder bei mir, dann mit ihnen, während ein Orkan über
1323 1097 1452 1173 ein
565 1130 3398 1264 Wien niederging, vortrag Spechts über die "Bacchantinnen" von Egon.
562 1235 3413 1375 Specht sprach nicht gut und so viel Entschuldigungen gleichen Beschul-
595 1414 3285 1556 digungen. In meinem Garten ist ein Baum abgebrochen und alle Rosen
573 1539 3373 1656 vernichtet. In mir ist eine grenzenlose Traurigkeit und mein Befinden
565 1677 3492 1837 täglich wohlechter. Heute ab 5 Uhr Darmzustände und Schmerzen, nahm Papa-
576 1797 861 1924 verin.
556 1948 3374 2080 20.6. Karte zu den "Baccchantinnen" geholt, da Alma, die mit mir gehen
562 2062 3507 2180 wollte, sich nicht meldete. Dann bei Hedwig, die mir Empfehlungen für Harry
535 2139 3276 2318 nach Euenos-Aires gab, wie ist das beste, gütigste Wesen. Harry
2172 2275 2300 2365 lui
565 2286 3259 2482 war gestern Abend bei ihr und sie findet sehr nett und vernünftig.
572 2432 3335 2602 Wenn ich an meinen Kindern Fehlern und Mängel finde, so sind sie noch
562 2596 2002 2731 immer tausendmal besser als andere.
560 2708 3447 2865 A. Anruf Nachmittag. Er frug gar nicht, wohin ich nach dem Theater gehe.
565 2799 3452 2947 Ich bin überzeugt, die Glaumer ist heute in der Volkstheaterpremière und
578 2946 3422 3091 er ist nachher mit ihr zusammen (mein Verdacht nimmt zu). Emmy W. sagte
578 3078 3524 3256 mir letzthin, sie finde sie maniriert und xxx
565 3247 3336 3389 rend. Ich wünschte, ich hätte diese Première hinter mir und läge mit
568 3327 1483 3505 Schlafmitteln zu Bett.
577 3495 3453 3619 21.6. Der Erfolg gestern stürmisch, sogar Korngold muss in seiner Kritik
578 3614 3455 3764 bacchantischen Applau zugeben, obwohl er wie erwartet, schimpft. Nachher
605 3744 3456 3897 Zusammenkunft im Blauen Saal Hotel Imperial. Ich ging sehr bald, da ich
562 3861 3365 3979 mich elend fühlte.- Heute Anruf A. Er war nach dem Theater mit meiner
572 4015 3449 4138 ganzen Familie, Frau Clauser, deren Freundin, Heini und der Schauspielerin
563 4145 3516 4332 Ulrich bei Schöner nachtmahlen. Ich fürchte immer, ich werde nicht bis zu
3532 117 3616 292 191
