3843 4569
363 294 623 474 pour
2155 158 2936 293 Seelisberg, Kurhaus
2151 221 2568 332 9.8.1924.
640 308 3258 454 Mein geliebter Freund. Ich habe mir eben meine Morgenpost geholt
587 458 3358 593 und freue mich über Deinen lieben Brief. Ich war gestern so müde
598 571 3418 720 zerpatscht und energielos, dass es mir nicht gelang, die P.-Gesellschaft
611 705 1815 842 loszuwerden und zu schreiben.
603 852 3437 979 Wie ich Dir schon auf meiner Karte sagte, war die Herreise so arg, wie
616 1007 3318 1139 sie selbst meine wüteste Phantasie sich nicht ausgemalt hatte. xxx
646 1132 3420 1257 Eine halbe Stunde nach der Abfahrt von Luzern brach das Wetter los -
594 1252 3467 1381 Sturn - und ein so plötzlicher Wolkenbruch, dass man trotz der schützen-
606 1366 3408 1493 den Plachen in zwei Sekunden bis zu den Knöcheln im Wasser stand. Man
603 1507 3487 1688 flüchtete in den sogenannten Salon des Schiffes hinunter. Es war sofort
603 1628 3256 1738 so überfüllt, dass die Hitze unerträglich war - einigen Damen wurde
615 1760 2961 1885 schlacht. - Ich stand eingekeilt mit meinen zwei Stück Handg
610 1903 3348 2028 scherl und Schirm, hungrig, durchnässt da und kan mit Riesenverspätung
609 2036 3415 2187 um 1 9 bei Donner und Blitz hier an. Porges waren beim Essen. Das Zim-
602 2170 3351 2309 mer, das man mir anwies, war entsetzlich. Kurzum ich war recht depri-
605 2300 3460 2430 miert. Dann kam Hermine und ich beschimpfte sie wegen des Zimmers. Sie
597 2405 3303 2570 hatte sich mit dem Versprechen des Direktors begnügt, er werde mich
609 2540 3269 2696 schon unterbringen, ohne sich das Zimmer überhaupt anzusehen. Alle
595 2700 3251 2811 Menschen sind ja so untüchtig und unverlässlich bis auf uns Zwei.
593 2835 3437 2979 Nachdem ich genügend aufbegehrt hatte erhielt ich ein besseres Zimmer,
613 2895 3412 3085 auch nicht schön, aber möglich und ichliess mir endlich etwas zu essen
655 3072 3453 3214 geben. Ich hatte den ganzen Tag von Deiner Schinkensemmel und einem
605 3201 1766 3356 Stückchen Schokolade gelebt.
604 3337 3487 3433 Das ganze Hotel hier ist ein riesiger alter Kasten, erinnert an das Süd-
622 3461 3381 3600 bahnhotel und alles hier irgendwie an den Semmering, doch ist es, wenn
577 3577 3340 3712 auch grösser noch weniger elegant. Die Gegend ist gewiss sehr schön
614 3728 3280 3828 und reizvoll, so viel ich bei dem miserbalen Wetter sehen kann, aber
601 3857 3324 4008 kein Engadin. Dort ist es viel viel schöner - oder vielleicht kommt
599 3949 679 4122 a
637 3989 3367 4131 es nur mir so vor. Das Hotel ist überfüllt, das Publikum sehr minder,
616 4138 3358 4296 meist Schweizer Bank-und Geschäftsleute, einige drittklassige Englän-
