3690 4691
2793 322 3157 471 16.3.29.
601 596 3322 754 gleich anders als man es meint. Und vielleicht ist es nur der Früh-
596 729 3287 894 ling oder die Frühlingsahnung. Die Sonne scheint wohl, aber sie er-
605 867 1328 1008 wärmt noch nicht.
1165 963 3304 1108 Morgen Früh erwarte ich Deine Stimme am Telefon, d.h.
596 1122 2447 1257 ich habe die Idee, dass Du mich anrufen wirst.
1121 1240 3384 1405 Für den morgigen Sonntaghabe ich nichts vor, nur Hery zu
612 1383 3295 1545 Tisch. Ob Du wohl schon mitb Wiegler gesprochen hast? Gott, wenn nur
619 1545 1753 1661 was mit der Novelle würde!!!
1114 1641 3337 1819 Ich schlafe elendiglich, wache trotz Bromural 30 Mal in
614 1817 3321 1907 einer Nacht auf und bin abwechselnd sehr gut und sehr schlecht auf-
604 1919 3318 2060 gelegt. Wo magst Du wohl gerade sein!! Jedenfalls erscheinst Du mir
594 2064 2394 2196 sehr weit fort. Gute Nacht. Ich umarme Dich.
1398 2171 1852 2306 Deine C.K.
3439 113 3574 280 212
