3674 4674
970 281 3353 462 Zwischen dem Herbst 1921 und dem Winter 1923 begegnete ich
617 437 3390 587 Arthur Schnitzler nur hie und da einmal in der Stadt und hatte immer
608 558 3276 722 den Eindruck, dass ihm diese Begegnungen, so flüchtig sie auch sein
617 690 3388 836 mochten, immer freuten und ich behielt das prickelnde Gefühl zurück -
612 815 3413 1004 si je voulais... So traf ich ihn im Frühjahr 1922 auch wieder einmal.
606 962 3505 1114 Er erzählte mir, dass er auf eine Reise nach Holland ginge – die Flucht
606 1102 3292 1214 vor der Feier seines 60.Geburtstags offenbar – und ich half ihm in
606 1210 3343 1389 dem Geschäft »Zum Bogner« in der Bognergasse einen Handkoffer aus¬
607 1348 3337 1459 suchen. Zu seinem Geburtstag schrieb ich ihm ein paar Verse, für die
641 1474 3360 1646 er mir auf einer Karte sehr herzlich dankte (und die sich in meiner
605 1609 3404 1762 Autographensammlung befindet). Als ich ihm im Jänner 1923, ich glaube,
604 1764 3488 1888 es war auf der Freyung, wieder begegnete, war ich ein wenig erstaunt, denn
589 1862 3535 1990 man hatte mir eben erzählt, er wäre zum Besuch einer holländischen Schau¬
608 2015 3368 2187 spielerin (Mme. Brevée) in die Schweiz gefahren. Er lachte, als ich es
609 2142 3281 2299 ihm erzählte und auch darüber, dass man ihn erst kürzlich mit einer
590 2277 3346 2426 Frau Lichtenstern verlobt gesagt hatte. Er meinte, er brauche nur mit
625 2405 3465 2520 einer Frau ein paar Mal zu sprechen und schon werde ein Gerede daraus.
588 2526 3345 2701 Ich: »Jedesfalls machen Sie vielen Frauen den Hof«. Und etwas kokett,
579 2639 3426 2781 aber ohne mir dabei etwas zu denken, fügte ich hinzu: »Mir haben Sie
590 2775 3439 2946 noch nie den Hof gemacht.« A.S. darauf: »Nun, wer weiss, das kommt viel¬
579 2908 3380 3088 leicht noch.« Kurze Zeit darauf sagte er sich bei mir an. Er kam oft
579 3021 1555 3197 und immer öfter - - -
973 3156 3374 3306 Nach seiner Vortragsreise in Dänemark – während der wir nur
583 3302 3374 3446 Ansichtskarten gewechselt hatten – fuhr ich nach Gösing. Er war einen
573 3433 3378 3616 Tag später dort. Aber unsere Beziehung behielt auch nach diesem ersten
571 3554 3297 3683 Beisammensein den Charakter einer Episode. Ich glaubte keineswegs an
567 3671 3360 3883 ihre Dauer. Auch aus meinen Briefen nach dieser Zeit, besonders während
582 3833 3326 3980 er in Baden-Baden weilte, wohin er seine Tochter Lili zu ihrer Mutter
560 3969 3257 4097 gebracht hatte, sprechen Befangenheit und Unsicherheit. Und erst aus
540 4076 3491 4277 unserem Briefwechsel im Sommer desselben Jahres, während meines Aufenthal¬
559 4221 3533 4403 tes in Heringsdorf, Weimar, Baden-Baden spürt man das Aufblühen eines gros¬
556 4354 1405 4481 sen starken Gefühls.
