3690 4702
559 800 3357 974 Nachdem die Leute, die meine Wohnung in der Peregringasse für ein Jahr
492 935 3381 1106 gemietet hatten wieder ausgezogen waren, kehrte ich dahin zurück
475 1066 3411 1197 wollte mich mit Carry in vier Zimmern einrichten. Harry hatte sich selb¬
491 1196 3275 1350 ständig gemacht) und durch Vermieten der beiden überflüssigen Zimmer
482 1354 3349 1478 mein geringes Einkommen erhöhen. Ich befand mich in einer elenden pe¬
486 1479 1081 1621 cuniären Lage.
