3770 4694
2298 180 3069 385 3.8.1927 Bl.2.
628 395 3383 562 wohnte) gekommen - und von hier nach Riva (zu Goldmann) geradelt-
653 532 3387 672 Um 8 Uhr erschien Heini von einer 2tägigen Tour (Presanella), die er
659 683 3346 830 mit dem Sohn Pieterkowsky unternommen; in bester Condition. Morgen
631 823 3467 1000 oder Übermorgen (ich erwarte ein Telegramm von Steffenelli) Hinunter-
663 960 3263 1106 fahrt. In Bozen fand ich eine Depesche von Dora: Sie ist Sonntag
654 1041 3380 1229 Abend in Bozen und fahrt Montag Karersee, Latemarhotel, -O. fährt mit
648 1226 3382 1388 P.'s Karerseehotel, wo sie mit Frau Schneider und Dr.Billiter zusam-
625 1359 3446 1490 mentrifft; ich habe mir nach Bozen ein Telegramm von Fischer beteilt;
638 1477 3343 1612 wegen Zimmer bei Stemmelmann - möcht ev. schon Dienstag hinauf und
707 1615 3443 1741 ev. Freitag wieder in Bozen sein. Du wirst wohl Mittwoch wied er ein
664 1725 3521 1875 Telegramm haben. Die Hotelverhältnisse haben sich hier (wie das meiste)
638 1840 3311 2017 seit zwei Jahren zum schlechtern geändert; beinahe nirgends ist
661 2032 3376 2154 man gut, erzählt auch Steffenelli; und es ist viel theurer geworden.
694 2136 3269 2282 Jedenfalls hoff ich sehr etwas gefunden zu haben, eh Du in Bozen
647 2261 1063 2423 ankommst.
672 2390 3486 2532 Ich befinde mich heut mässig: xxx miserables Bett, harte Polster; - dazu
678 2526 3383 2651 eine keineswegs tadellose Butter (von den übrigen Calamitäten abge-
671 2668 3432 2782 sehen); - dazu Sirocco - jetzt aber hat es sich umzogen und es gewit-
674 2754 3361 2906 tert in der Runde. Zu Mittag waren wir im untern Hotel bei Pieter-
669 2937 3384 3063 kowskys zu Gast, es wimmelt es von sogenannt bestem Publikum. So ist
675 3033 3394 3167 beispielsweise der amerikanische Botschafter von Deutschland dort -
710 3158 3316 3306 eine Nichte des Papstes mit Gattin; - und ein Herr, der direkt von
672 3287 3437 3435 Dante Aligheri abstammt; - von geringern Marchesen und Contes nicht zu
666 3418 3438 3577 reden. Ich wollte hin übersiedeln, - schon wegen des Dante, aber es ist
676 3592 3303 3698 buchstäblich kein Loch drüben frei wie in ganz Campiglio. Wie mir
662 3712 3275 3827 Herr Uesterreicher (der Besitzer) sagte, gibt es - soweit bessere
676 3824 3367 3975 Hotels in Frage kommen - nur auf der Mendel Quartier, freilich vom
710 3954 3397 4105 20. an sinkt alles rapid herab. Du hast hoffentlich meine Depesche
663 4095 3417 4224 bekommen und schreibst von dort hieher, so dass ich Montag schon ein
673 4211 3283 4359 Wort von Dir in Bozen finde. Ich glaube nicht, dass ich wieder im
663 4389 3228 4563 Laurin wohnen werde. Steffenelli räth mir etliche andere - aber
3584 102 3658 250 33
