<?xml version="1.0" encoding="UTF-8" standalone="yes"?>
<PcGts xmlns="http://schema.primaresearch.org/PAGE/gts/pagecontent/2013-07-15" xmlns:xsi="http://www.w3.org/2001/XMLSchema-instance" xsi:schemaLocation="http://schema.primaresearch.org/PAGE/gts/pagecontent/2013-07-15 http://schema.primaresearch.org/PAGE/gts/pagecontent/2013-07-15/pagecontent.xsd">
    <Metadata>
        <Creator>prov=READ-COOP:name=TrHtr:version=0.0.6:model_id=44522:date=18_11_2022_04:28</Creator>
        <Created>2022-11-17T16:34:25.802+01:00</Created>
        <LastChange>2022-11-18T04:28:36.695Z</LastChange>
        <TranskribusMetadata docId="1233893" pageId="50260531" pageNr="147" tsid="104226057" status="IN_PROGRESS" userId="40391" imgUrl="https://files.transkribus.eu/Get?id=AQXUCEIEUSWDEWSSHNAHGAKU&amp;fileType=view" xmlUrl="https://files.transkribus.eu/Get?id=GYQEVEMYUREDGJMDUIGRUFXL" imageId="41048976"/>
    </Metadata>
    <Page imageFilename="HIN-155550_0147.tif" imageWidth="3726" imageHeight="4662">
        <ReadingOrder>
            <OrderedGroup id="ro_1669820949821" caption="Regions reading order">
                <RegionRefIndexed index="0" regionRef="r1"/>
            </OrderedGroup>
        </ReadingOrder>
        <TextRegion id="r1" custom="readingOrder {index:0;}">
            <Coords points="548,130 548,4364 3576,4364 3576,130"/>
            <TextLine id="r1l1" custom="readingOrder {index:0;}">
                <Coords points="1915,425 2182,459 2289,419 2418,472 2517,425 2792,405 2924,443 3066,410 3066,314 2977,343 2745,295 2602,342 2409,272 2160,356 1914,318"/>
                <Baseline points="1931,404 1986,405 2042,405 2098,405 2154,405 2210,405 2265,405 2321,405 2377,405 2433,404 2489,404 2544,402 2600,402 2656,401 2712,401 2768,401 2823,399 2879,399 2935,399 2991,399 3047,399"/>
                <TextEquiv>
                    <Unicode>Seelisberg,Montag, 18.8.1924.</Unicode>
                </TextEquiv>
            </TextLine>
            <TextLine id="r1l2" custom="readingOrder {index:1;}">
                <Coords points="532,570 3403,565 3402,465 2963,430 532,474"/>
                <Baseline points="549,551 690,549 832,549 974,548 1116,546 1257,546 1399,545 1541,543 1683,543 1824,542 1966,540 2108,539 2250,539 2391,537 2533,536 2675,534 2817,533 2958,532 3100,531 3242,530 3384,528"/>
                <TextEquiv>
                    <Unicode>Liebster. Obwohl wir uns gestern sprachen und morgen telefonisch spre-</Unicode>
                </TextEquiv>
            </TextLine>
            <TextLine id="r1l3" custom="readingOrder {index:2;}">
                <Coords points="557,710 3229,710 3228,564 3149,554 557,624"/>
                <Baseline points="576,680 707,680 839,680 971,678 1103,678 1235,677 1366,677 1498,675 1630,674 1762,673 1894,672 2025,671 2157,669 2289,669 2421,668 2553,668 2684,666 2816,666 2948,666 3080,666 3212,668"/>
                <TextEquiv>
                    <Unicode>chen werden, will ich Dir doch für Deine sehr lieben Zeilen danken,</Unicode>
                </TextEquiv>
            </TextLine>
            <TextLine id="r1l4" custom="readingOrder {index:3;}">
                <Coords points="557,839 3375,827 3374,717 3196,703 557,710"/>
                <Baseline points="576,807 715,807 854,807 993,807 1132,807 1271,807 1410,807 1549,806 1688,806 1827,804 1966,804 2105,803 2244,803 2383,801 2522,800 2661,800 2800,798 2939,797 3078,795 3217,794 3356,792"/>
                <TextEquiv>
                    <Unicode>die beinahe den Eisring zum Schmelzen brachten, der sich schon um mein</Unicode>
                </TextEquiv>
            </TextLine>
            <TextLine id="r1l5" custom="readingOrder {index:4;}">
                <Coords points="558,961 693,940 797,975 936,954 978,983 1064,944 1185,983 1232,955 1328,962 1328,891 1189,866 1039,897 932,854 850,876 783,854 672,890 558,875"/>
                <Baseline points="576,936 612,936 649,936 686,937 723,938 759,938 796,938 833,938 870,938 906,938 943,938 980,938 1017,938 1053,938 1090,938 1127,938 1164,938 1200,938 1237,938 1274,938 1311,939"/>
                <TextEquiv>
                    <Unicode>Herzbgelegt hatte.</Unicode>
                </TextEquiv>
            </TextLine>
            <TextLine id="r1l6" custom="readingOrder {index:5;}">
                <Coords points="588,1116 3477,1070 3308,953 587,991"/>
                <Baseline points="606,1068 748,1068 891,1068 1033,1068 1176,1068 1319,1067 1461,1067 1604,1065 1746,1064 1889,1063 2032,1062 2174,1061 2317,1059 2459,1058 2602,1056 2745,1056 2887,1055 3030,1055 3172,1055 3315,1055 3458,1055"/>
                <TextEquiv>
                    <Unicode>Ich verstehe Dich ja, aber Du solltest mich auch verstehn und begreifen,</Unicode>
                </TextEquiv>
            </TextLine>
            <TextLine id="r1l7" custom="readingOrder {index:6;}">
                <Coords points="557,1223 3157,1236 3256,1110 556,1127"/>
                <Baseline points="573,1199 706,1197 839,1197 972,1197 1105,1196 1239,1196 1372,1196 1505,1196 1638,1194 1771,1194 1905,1194 2038,1193 2171,1193 2304,1191 2437,1190 2570,1188 2704,1187 2837,1185 2970,1184 3103,1182 3237,1179"/>
                <TextEquiv>
                    <Unicode>dass mich die Situation irritiert. Du weisst, dass ich im Vorgefühl</Unicode>
                </TextEquiv>
            </TextLine>
            <TextLine id="r1l8" custom="readingOrder {index:7;}">
                <Coords points="565,1352 3275,1357 3328,1253 564,1273"/>
                <Baseline points="582,1328 718,1328 855,1328 991,1328 1128,1328 1264,1328 1401,1327 1537,1326 1674,1325 1810,1325 1947,1323 2083,1322 2220,1320 2356,1320 2493,1319 2629,1317 2766,1317 2902,1316 3039,1316 3175,1314 3312,1314"/>
                <TextEquiv>
                    <Unicode>derselben nicht in die Schweiz wollte und dass ich nur weil Du mich</Unicode>
                </TextEquiv>
            </TextLine>
            <TextLine id="r1l9" custom="readingOrder {index:8;}">
                <Coords points="559,1481 3327,1511 3355,1358 559,1399"/>
                <Baseline points="576,1458 714,1458 852,1458 990,1458 1128,1457 1266,1457 1404,1457 1542,1455 1680,1455 1818,1454 1957,1454 2095,1452 2233,1452 2371,1451 2509,1451 2647,1449 2785,1449 2923,1449 3061,1448 3199,1448 3338,1448"/>
                <TextEquiv>
                    <Unicode>mit lieben Worten und Deinen noch lieberen Augen dazu überredet hast,</Unicode>
                </TextEquiv>
            </TextLine>
            <TextLine id="r1l10" custom="readingOrder {index:9;}">
                <Coords points="556,1638 3174,1623 3316,1612 3316,1494 555,1481"/>
                <Baseline points="573,1589 709,1589 845,1589 981,1589 1117,1588 1254,1587 1390,1587 1526,1587 1662,1586 1798,1586 1935,1584 2071,1584 2207,1583 2343,1583 2479,1581 2615,1581 2752,1581 2888,1580 3024,1580 3160,1580 3297,1578"/>
                <TextEquiv>
                    <Unicode>hieher gekommen bin und nun lässt Du mich hier 16 Tage allein, obwohl</Unicode>
                </TextEquiv>
            </TextLine>
            <TextLine id="r1l11" custom="readingOrder {index:10;}">
                <Coords points="556,1753 3320,1785 3237,1621 555,1638"/>
                <Baseline points="572,1718 708,1719 845,1719 981,1721 1118,1721 1254,1721 1391,1721 1527,1719 1664,1719 1800,1719 1937,1718 2074,1718 2210,1716 2347,1715 2483,1715 2620,1713 2756,1713 2893,1713 3029,1712 3166,1712 3303,1712"/>
                <TextEquiv>
                    <Unicode>Du weisst, wie unbehaglich ich mich fühle, weil L.'s da sind und weil</Unicode>
                </TextEquiv>
            </TextLine>
            <TextLine id="r1l12" custom="readingOrder {index:11;}">
                <Coords points="529,1860 3347,1860 2918,1747 529,1782"/>
                <Baseline points="548,1848 687,1848 826,1850 965,1850 1104,1850 1243,1850 1382,1850 1521,1850 1660,1848 1799,1848 1939,1847 2078,1847 2217,1845 2356,1845 2495,1844 2634,1844 2773,1844 2912,1844 3051,1844 3190,1844 3330,1845"/>
                <TextEquiv>
                    <Unicode>Deine Schwester und weil Fischer kommt. Wenn Du Allen gesagt hättest,</Unicode>
                </TextEquiv>
            </TextLine>
            <TextLine id="r1l13" custom="readingOrder {index:12;}">
                <Coords points="565,2006 3447,1999 3414,1888 565,1917"/>
                <Baseline points="582,1980 724,1980 866,1980 1009,1980 1151,1980 1293,1980 1436,1980 1578,1980 1720,1979 1863,1979 2005,1979 2147,1977 2290,1977 2432,1977 2574,1976 2717,1976 2859,1976 3001,1974 3144,1974 3286,1974 3429,1974"/>
                <TextEquiv>
                    <Unicode>ich habe Sonntag oder in Gottesnamen Montag eine Verabredung, bitte mich</Unicode>
                </TextEquiv>
            </TextLine>
            <TextLine id="r1l14" custom="readingOrder {index:13;}">
                <Coords points="563,2153 2977,2182 3323,2139 3323,2021 563,2039"/>
                <Baseline points="579,2109 715,2109 851,2109 988,2109 1124,2109 1260,2109 1397,2109 1533,2109 1669,2109 1806,2109 1942,2109 2078,2109 2215,2109 2351,2109 2487,2108 2624,2108 2760,2108 2896,2106 3033,2106 3169,2105 3306,2103"/>
                <TextEquiv>
                    <Unicode>vorher zu besuchen, so hätten sie es sicher getan, denn es ist nur na-</Unicode>
                </TextEquiv>
            </TextLine>
            <TextLine id="r1l15" custom="readingOrder {index:14;}">
                <Coords points="599,2260 3270,2277 3270,2149 599,2157"/>
                <Baseline points="618,2240 749,2240 881,2241 1012,2241 1144,2241 1276,2241 1407,2241 1539,2241 1671,2241 1802,2240 1934,2240 2066,2240 2197,2240 2329,2240 2461,2240 2592,2238 2724,2238 2856,2238 2987,2237 3119,2237 3251,2237"/>
                <TextEquiv>
                    <Unicode>türlich, dass sie sich nach Dir richten. Dass aber Deine Liebe und</Unicode>
                </TextEquiv>
            </TextLine>
            <TextLine id="r1l16" custom="readingOrder {index:15;}">
                <Coords points="561,2410 3125,2419 3271,2397 3271,2276 561,2310"/>
                <Baseline points="579,2369 712,2369 846,2370 980,2370 1114,2370 1248,2370 1381,2370 1515,2370 1649,2370 1783,2370 1917,2369 2050,2369 2184,2369 2318,2369 2452,2367 2586,2367 2719,2367 2853,2366 2987,2366 3121,2365 3255,2364"/>
                <TextEquiv>
                    <Unicode>Sehnsucht aber doch nicht so stark ist, um solche Hindernisse zu be-</Unicode>
                </TextEquiv>
            </TextLine>
            <TextLine id="r1l17" custom="readingOrder {index:16;}">
                <Coords points="589,2524 3317,2527 3317,2438 2989,2388 589,2435"/>
                <Baseline points="606,2502 740,2501 875,2501 1010,2501 1144,2501 1279,2501 1414,2501 1548,2501 1683,2499 1818,2499 1953,2499 2087,2499 2222,2499 2357,2498 2491,2498 2626,2498 2761,2498 2895,2498 3030,2498 3165,2498 3300,2498"/>
                <TextEquiv>
                    <Unicode>seitigen, irriteert mich. Wellen von Zorn und Erbitterung gehen über</Unicode>
                </TextEquiv>
            </TextLine>
            <TextLine id="r1l18" custom="readingOrder {index:17;}">
                <Coords points="1031,2574 1070,2578 1109,2571 1131,2586 1177,2586 1178,2515 1156,2515 1149,2507 1135,2507 1128,2514 1107,2510 1089,2514 1032,2506"/>
                <Baseline points="1050,2564 1077,2564 1105,2565 1133,2565 1161,2565"/>
                <TextEquiv>
                    <Unicode>mich</Unicode>
                </TextEquiv>
            </TextLine>
            <TextLine id="r1l19" custom="readingOrder {index:18;}">
                <Coords points="560,2656 3160,2688 3349,2638 3349,2549 560,2560"/>
                <Baseline points="579,2633 716,2631 854,2631 991,2631 1129,2631 1266,2631 1404,2631 1541,2631 1679,2631 1816,2631 1954,2631 2092,2630 2229,2630 2367,2630 2504,2630 2642,2630 2779,2630 2917,2628 3054,2628 3192,2627 3330,2627"/>
                <TextEquiv>
                    <Unicode>mich hin, die zu den tollsten und unberechenbarsten Einfällen hibreis-</Unicode>
                </TextEquiv>
            </TextLine>
            <TextLine id="r1l20" custom="readingOrder {index:19;}">
                <Coords points="561,2777 3321,2779 3321,2683 3029,2641 561,2674"/>
                <Baseline points="579,2757 715,2759 851,2760 987,2762 1123,2762 1259,2762 1395,2762 1532,2762 1668,2760 1804,2760 1940,2760 2076,2759 2212,2759 2348,2758 2485,2757 2621,2757 2757,2757 2893,2757 3029,2757 3165,2757 3302,2759"/>
                <TextEquiv>
                    <Unicode>sen können, So hatte ich schon die Idee nichts mehr von mir hören zu</Unicode>
                </TextEquiv>
            </TextLine>
            <TextLine id="r1l21" custom="readingOrder {index:20;}">
                <Coords points="554,2909 3178,2927 3267,2816 553,2831"/>
                <Baseline points="572,2889 705,2889 839,2891 973,2891 1107,2892 1241,2892 1374,2892 1508,2892 1642,2891 1776,2891 1910,2891 2043,2889 2177,2889 2311,2889 2445,2888 2579,2888 2712,2888 2846,2888 2980,2888 3114,2888 3248,2888"/>
                <TextEquiv>
                    <Unicode>lassen, zu verschwinden, irgendetwas anzustellen und dann kommen wider</Unicode>
                </TextEquiv>
            </TextLine>
            <TextLine id="r1l22" custom="readingOrder {index:21;}">
                <Coords points="557,3053 3310,3030 3310,2956 2989,2920 557,2913"/>
                <Baseline points="576,3021 711,3021 847,3020 983,3020 1119,3020 1255,3020 1391,3020 1527,3020 1663,3020 1799,3020 1935,3020 2070,3020 2206,3020 2342,3020 2478,3020 2614,3020 2750,3020 2886,3020 3022,3020 3158,3020 3294,3018"/>
                <TextEquiv>
                    <Unicode>Stunden, wo Du mir ganz entrückst - fremd wirst, und ich nur Leere und</Unicode>
                </TextEquiv>
            </TextLine>
            <TextLine id="r1l23" custom="readingOrder {index:22;}">
                <Coords points="548,3174 1336,3230 1432,3159 2684,3147 2595,3076 1803,3105 1347,3034 1254,3105 548,3088"/>
                <Baseline points="567,3149 672,3150 777,3150 882,3150 987,3151 1092,3152 1197,3152 1302,3152 1407,3152 1512,3152 1617,3152 1722,3152 1827,3152 1932,3150 2037,3150 2142,3150 2247,3150 2352,3150 2457,3149 2562,3149 2667,3149"/>
                <TextEquiv>
                    <Unicode>Einsamkeit empfinde und keinerlei Verlangen nach Dir.</Unicode>
                </TextEquiv>
            </TextLine>
            <TextLine id="r1l24" custom="readingOrder {index:23;}">
                <Coords points="544,3310 3311,3293 3215,3193 544,3196"/>
                <Baseline points="561,3278 697,3279 834,3281 970,3281 1107,3282 1244,3282 1380,3282 1517,3284 1653,3284 1790,3284 1927,3284 2063,3284 2200,3284 2336,3284 2473,3282 2610,3282 2746,3282 2883,3282 3019,3282 3156,3281 3293,3281"/>
                <TextEquiv>
                    <Unicode>Findest Du dann das richtige Wort, ist alles wieder plötzlich gut und</Unicode>
                </TextEquiv>
            </TextLine>
            <TextLine id="r1l25" custom="readingOrder {index:24;}">
                <Coords points="719,3355 744,3360 769,3350 783,3365 805,3355 836,3368 872,3358 915,3367 918,3296 890,3291 853,3308 833,3289 815,3285 797,3294 779,3294 772,3286 765,3293 722,3291"/>
                <Baseline points="737,3342 763,3346 790,3349 816,3350 843,3350 869,3350 896,3351"/>
                <TextEquiv>
                    <Unicode>Schn</Unicode>
                </TextEquiv>
            </TextLine>
            <TextLine id="r1l26" custom="readingOrder {index:25;}">
                <Coords points="561,3440 721,3453 946,3417 1110,3477 1395,3408 1395,3355 1277,3319 1210,3355 1017,3342 960,3370 714,3368 561,3322"/>
                <Baseline points="579,3413 618,3411 658,3410 698,3410 738,3410 778,3410 818,3410 858,3410 898,3410 938,3411 978,3411 1017,3411 1057,3411 1097,3411 1137,3411 1177,3411 1217,3410 1257,3410 1297,3408 1337,3406 1377,3404"/>
                <TextEquiv>
                    <Unicode>ich ohne mich nur. -</Unicode>
                </TextEquiv>
            </TextLine>
            <TextLine id="r1l27" custom="readingOrder {index:26;}">
                <Coords points="547,3548 3318,3575 3318,3490 2855,3419 2116,3498 547,3448"/>
                <Baseline points="564,3542 700,3542 837,3542 974,3543 1111,3543 1248,3543 1384,3543 1521,3543 1658,3543 1795,3543 1932,3543 2068,3543 2205,3543 2342,3543 2479,3543 2616,3543 2752,3542 2889,3542 3026,3542 3163,3540 3300,3540"/>
                <TextEquiv>
                    <Unicode>Also nun bleibt es dabei, dass ich Mittwoch nach Luzern hinunterfahre</Unicode>
                </TextEquiv>
            </TextLine>
            <TextLine id="r1l28" custom="readingOrder {index:27;}">
                <Coords points="554,3674 3272,3717 3347,3579 554,3617"/>
                <Baseline points="573,3668 710,3669 848,3671 986,3671 1124,3672 1262,3672 1400,3674 1537,3674 1675,3674 1813,3674 1951,3674 2089,3674 2227,3674 2365,3674 2502,3674 2640,3674 2778,3674 2916,3674 3054,3674 3192,3674 3330,3674"/>
                <TextEquiv>
                    <Unicode>und xxx vorläufig im Gotthard wohne. Ich habe Beau Rivage angerufen.</Unicode>
                </TextEquiv>
            </TextLine>
            <TextLine id="r1l29" custom="readingOrder {index:28;}">
                <Coords points="554,3823 3268,3839 3347,3700 1867,3774 554,3677"/>
                <Baseline points="573,3800 710,3801 848,3803 986,3803 1124,3804 1262,3804 1400,3804 1537,3804 1675,3804 1813,3804 1951,3804 2089,3804 2227,3804 2365,3803 2502,3803 2640,3803 2778,3803 2916,3804 3054,3804 3192,3804 3330,3806"/>
                <TextEquiv>
                    <Unicode>Sie geben nur Zimmer mit Pension a 25 Francs und ich denke mir, dass</Unicode>
                </TextEquiv>
            </TextLine>
            <TextLine id="r1l30" custom="readingOrder {index:29;}">
                <Coords points="546,3980 3345,3983 3292,3865 2536,3829 546,3870"/>
                <Baseline points="563,3929 701,3930 839,3932 977,3932 1116,3933 1254,3933 1392,3933 1531,3933 1669,3933 1807,3933 1946,3933 2084,3932 2222,3932 2360,3932 2499,3932 2637,3932 2775,3933 2914,3933 3052,3933 3190,3935 3329,3936"/>
                <TextEquiv>
                    <Unicode>Du keinen Pensionszwang wollen wirst. Da ich Dich ja noch telefonisch</Unicode>
                </TextEquiv>
            </TextLine>
            <TextLine id="r1l31" custom="readingOrder {index:30;}">
                <Coords points="542,4090 3385,4115 3385,3987 2932,3962 542,3980"/>
                <Baseline points="561,4062 701,4064 841,4064 981,4065 1122,4065 1262,4065 1402,4065 1542,4065 1683,4065 1823,4065 1963,4065 2103,4065 2244,4065 2384,4065 2524,4065 2664,4065 2805,4064 2945,4064 3085,4064 3225,4064 3366,4064"/>
                <TextEquiv>
                    <Unicode>spreche, will ich mich dannunten ganz nach Deinen Wünschen um zwei Zim-</Unicode>
                </TextEquiv>
            </TextLine>
            <TextLine id="r1l32" custom="readingOrder {index:31;}">
                <Coords points="538,4252 2610,4204 2888,4275 3223,4244 3223,4108 538,4123"/>
                <Baseline points="555,4194 687,4196 819,4196 952,4197 1084,4197 1217,4197 1349,4198 1482,4199 1614,4199 1747,4199 1879,4199 2011,4199 2144,4197 2276,4197 2409,4197 2541,4197 2674,4199 2806,4199 2939,4199 3071,4199 3204,4200"/>
                <TextEquiv>
                    <Unicode>mer umsehn. P.'s fahren Freitag in aller Früh nach Montreux weiter</Unicode>
                </TextEquiv>
            </TextLine>
            <TextLine id="r1l33" custom="readingOrder {index:32;}">
                <Coords points="543,4330 3400,4398 3322,4223 544,4248"/>
                <Baseline points="560,4329 701,4331 842,4331 983,4332 1124,4332 1265,4332 1406,4334 1548,4334 1689,4334 1830,4334 1971,4334 2112,4334 2253,4334 2394,4334 2536,4334 2677,4334 2818,4334 2959,4334 3100,4334 3241,4335 3383,4335"/>
                <TextEquiv>
                    <Unicode>und kommen erst Mitte September frühestens nach Wien. Sie stossen dann</Unicode>
                </TextEquiv>
            </TextLine>
            <TextLine id="r1l34" custom="readingOrder {index:33;}">
                <Coords points="3474,306 3500,301 3545,319 3558,334 3586,337 3603,145 3557,145 3539,136 3524,145 3489,139"/>
                <Baseline points="3498,230 3524,237 3550,233 3576,242"/>
                <TextEquiv>
                    <Unicode>97</Unicode>
                </TextEquiv>
            </TextLine>
            <TextEquiv>
                <Unicode>
































</Unicode>
            </TextEquiv>
        </TextRegion>
    </Page>
</PcGts>
