2793 3358
422 509 1036 628 Markt Aussee,
430 642 1150 752 Villa Kreuzberger
436 737 1030 826 Braungasse 195
498 1029 996 1158 Nachschrift
431 1211 2285 1319 Im Falle Sie aus irgend einem unumstosslichen
449 1359 2360 1470 Grund nicht kommen könden oder wollen, so bitte
438 1496 2443 1599 schreiben Sie mir bloss eine offene Ansichtskarte
440 1633 2326 1737 mit einem Gruss nur damit ich sicher bin, dass
443 1749 2367 1855 meine Zeilen zu Ihnen gelangt sind, und nicht in
452 1883 2300 1984 einer so schrecklichen Angst herumgehe ob sie
440 2012 2485 2104 nicht in unrechte Hände gekommen sind. Hoffentlich
446 2140 2410 2244 aber auf Wiedersehen in den nächsten Tagen. Ja?
