<?xml version="1.0" encoding="UTF-8" standalone="yes"?>
<PcGts xmlns="http://schema.primaresearch.org/PAGE/gts/pagecontent/2013-07-15" xmlns:xsi="http://www.w3.org/2001/XMLSchema-instance" xsi:schemaLocation="http://schema.primaresearch.org/PAGE/gts/pagecontent/2013-07-15 http://schema.primaresearch.org/PAGE/gts/pagecontent/2013-07-15/pagecontent.xsd">
    <Metadata>
        <Creator>prov=READ-COOP:name=TrHtr:version=0.0.6:model_id=44522:date=25_11_2022_11:51</Creator>
        <Created>2022-11-17T16:35:01.176+01:00</Created>
        <LastChange>2022-11-25T11:51:21.247Z</LastChange>
        <TranskribusMetadata docId="1233893" pageId="50262941" pageNr="336" tsid="105032210" status="IN_PROGRESS" userId="40391" imgUrl="https://files.transkribus.eu/Get?id=BAFWUDZTIXYKNBZRCTMPBYXS&amp;fileType=view" xmlUrl="https://files.transkribus.eu/Get?id=BTPHYZGMUGUHFHCPGYRUSGEG" imageId="41050070"/>
    </Metadata>
    <Page imageFilename="HIN-155550_0336.tif" imageWidth="3770" imageHeight="4719">
        <ReadingOrder>
            <OrderedGroup id="ro_1670241784904" caption="Regions reading order">
                <RegionRefIndexed index="0" regionRef="r1"/>
            </OrderedGroup>
        </ReadingOrder>
        <TextRegion id="r1" custom="readingOrder {index:0;}">
            <Coords points="722,348 722,4281 3555,4281 3555,348"/>
            <TextLine id="r1l1" custom="readingOrder {index:0;}">
                <Coords points="1802,406 3030,386 3167,431 3247,410 3247,301 2580,301 2496,343 2205,330 2029,258 1973,310 1801,318"/>
                <Baseline points="1821,384 1891,384 1961,384 2032,383 2102,383 2173,383 2243,383 2314,383 2384,383 2455,383 2525,382 2595,381 2666,381 2736,381 2807,381 2877,380 2948,380 3018,380 3089,378 3159,378 3230,377"/>
                <TextEquiv>
                    <Unicode>Berlin,13.5.1926. Hotel Esplanade.</Unicode>
                </TextEquiv>
            </TextLine>
            <TextLine id="r1l2" custom="readingOrder {index:1;}">
                <Coords points="1938,465 1980,455 2046,481 2078,460 2120,475 2155,454 2190,476 2246,462 2306,502 2358,506 2359,418 2307,393 1939,392"/>
                <Baseline points="1955,444 1980,444 2006,446 2032,446 2057,446 2083,447 2109,447 2134,448 2160,449 2186,449 2211,449 2237,449 2263,449 2288,449 2314,449 2340,449"/>
                <TextEquiv>
                    <Unicode>Vormittag.</Unicode>
                </TextEquiv>
            </TextLine>
            <TextLine id="r1l3" custom="readingOrder {index:2;}">
                <Coords points="1979,603 2049,592 2095,624 2134,599 2186,603 2232,631 2295,589 2411,613 2446,585 2488,582 2488,533 2442,533 2397,497 2312,501 2291,519 2151,480 2049,536 2014,512 1979,515"/>
                <Baseline points="1995,578 2021,578 2047,578 2074,578 2100,578 2126,579 2153,579 2179,579 2205,579 2232,579 2258,579 2284,579 2311,579 2337,578 2363,578 2390,578 2416,578 2442,578 2469,578"/>
                <TextEquiv>
                    <Unicode>(nach Wien).</Unicode>
                </TextEquiv>
            </TextLine>
            <TextLine id="r1l4" custom="readingOrder {index:3;}">
                <Coords points="715,737 3522,698 2848,582 715,629"/>
                <Baseline points="734,716 872,716 1010,716 1149,716 1287,716 1426,714 1564,714 1703,713 1841,713 1980,711 2118,711 2256,711 2395,710 2533,710 2672,708 2810,708 2949,708 3087,707 3226,707 3364,707 3503,708"/>
                <TextEquiv>
                    <Unicode>Liebste, gestern Früh erst kam Dein anderer Expressbrief (der vor dem</Unicode>
                </TextEquiv>
            </TextLine>
            <TextLine id="r1l5" custom="readingOrder {index:4;}">
                <Coords points="718,900 3339,836 3072,756 718,773"/>
                <Baseline points="735,845 864,846 993,846 1122,846 1252,846 1381,846 1510,846 1640,846 1769,846 1898,846 2028,845 2157,845 2286,845 2415,843 2545,843 2674,842 2803,842 2933,840 3062,840 3191,839 3321,839"/>
                <TextEquiv>
                    <Unicode>mit dem Feuilleton Paul Wertheimer aufgegeben war) und heute der</Unicode>
                </TextEquiv>
            </TextLine>
            <TextLine id="r1l6" custom="readingOrder {index:5;}">
                <Coords points="724,982 3152,1017 3454,978 3454,883 724,925"/>
                <Baseline points="743,974 877,975 1012,975 1147,975 1282,975 1416,975 1551,975 1686,975 1821,975 1955,975 2090,975 2225,975 2360,974 2494,974 2629,974 2764,974 2899,972 3033,972 3168,972 3303,972 3438,972"/>
                <TextEquiv>
                    <Unicode>vom 12.Mai, von gestern also, und so natürlich es ist, -es wirkte doch</Unicode>
                </TextEquiv>
            </TextLine>
            <TextLine id="r1l7" custom="readingOrder {index:6;}">
                <Coords points="722,1121 3455,1108 3388,1021 722,1012"/>
                <Baseline points="741,1104 875,1104 1010,1106 1145,1106 1280,1106 1415,1106 1550,1106 1684,1106 1819,1106 1954,1106 2089,1106 2224,1106 2359,1104 2494,1104 2628,1104 2763,1103 2898,1103 3033,1101 3168,1100 3303,1100 3438,1098"/>
                <TextEquiv>
                    <Unicode>sonderbar, dass sie erst die Antworten auf meine Briefe aus - das Pal-</Unicode>
                </TextEquiv>
            </TextLine>
            <TextLine id="r1l8" custom="readingOrder {index:7;}">
                <Coords points="717,1297 3219,1277 3366,1179 717,1189"/>
                <Baseline points="734,1233 864,1235 995,1235 1125,1235 1256,1236 1387,1236 1517,1236 1648,1236 1779,1236 1909,1236 2040,1235 2171,1235 2301,1235 2432,1235 2563,1235 2693,1233 2824,1233 2955,1233 3085,1233 3216,1233 3347,1233"/>
                <TextEquiv>
                    <Unicode>mas enthalten. Uebrigens wurde der zweite nur aus Las Palmas, -der</Unicode>
                </TextEquiv>
            </TextLine>
            <TextLine id="r1l9" custom="readingOrder {index:8;}">
                <Coords points="729,1385 3525,1372 3431,1278 3108,1268 729,1304"/>
                <Baseline points="746,1365 884,1367 1022,1367 1160,1367 1298,1367 1436,1367 1574,1367 1713,1367 1851,1367 1989,1367 2127,1365 2265,1365 2403,1365 2541,1365 2680,1365 2818,1364 2956,1364 3094,1364 3232,1362 3370,1362 3509,1361"/>
                <TextEquiv>
                    <Unicode>erste war ja noch auf dem Schiff zwischen Lissabon und L.P. geschrie-</Unicode>
                </TextEquiv>
            </TextLine>
            <TextLine id="r1l10" custom="readingOrder {index:9;}">
                <Coords points="737,1516 3498,1519 3498,1442 3144,1400 737,1438"/>
                <Baseline points="753,1494 889,1494 1025,1494 1162,1494 1298,1496 1434,1496 1571,1496 1707,1496 1843,1496 1980,1496 2116,1496 2252,1496 2389,1494 2525,1494 2661,1494 2798,1494 2934,1494 3070,1494 3207,1494 3343,1496 3480,1496"/>
                <TextEquiv>
                    <Unicode>ben; und ich versichere Dich, dass ich trotz ihres grösstenteils rein</Unicode>
                </TextEquiv>
            </TextLine>
            <TextLine id="r1l11" custom="readingOrder {index:10;}">
                <Coords points="734,1652 3158,1683 3495,1634 3495,1529 734,1561"/>
                <Baseline points="753,1625 889,1625 1025,1625 1161,1626 1297,1626 1434,1626 1570,1626 1706,1626 1842,1626 1978,1626 2115,1626 2251,1626 2387,1626 2523,1625 2659,1625 2795,1625 2932,1625 3068,1625 3204,1625 3340,1625 3477,1625"/>
                <TextEquiv>
                    <Unicode>thatsächlichen Inhalts auch während ihrer Abfassung Deiner mit ganz</Unicode>
                </TextEquiv>
            </TextLine>
            <TextLine id="r1l12" custom="readingOrder {index:11;}">
                <Coords points="728,1818 3458,1757 3206,1669 728,1706"/>
                <Baseline points="746,1755 880,1755 1015,1755 1150,1755 1284,1755 1419,1755 1554,1757 1688,1757 1823,1757 1958,1757 2093,1757 2227,1757 2362,1757 2497,1758 2631,1758 2766,1757 2901,1757 3035,1757 3170,1757 3305,1757 3440,1755"/>
                <TextEquiv>
                    <Unicode>anderen Empfindungen gedacht habe, als man sie Grosstanten entgegen-</Unicode>
                </TextEquiv>
            </TextLine>
            <TextLine id="r1l13" custom="readingOrder {index:12;}">
                <Coords points="726,1916 3414,1910 3414,1822 2971,1790 726,1818"/>
                <Baseline points="743,1886 875,1886 1008,1887 1140,1887 1273,1887 1406,1887 1538,1887 1671,1887 1803,1887 1936,1887 2069,1887 2201,1887 2334,1887 2466,1887 2599,1887 2732,1887 2864,1887 2997,1887 3129,1887 3262,1887 3395,1889"/>
                <TextEquiv>
                    <Unicode>zubringen pflegt. Auf der Fahrt von L.P. nach Hamburg, insbesondere</Unicode>
                </TextEquiv>
            </TextLine>
            <TextLine id="r1l14" custom="readingOrder {index:13;}">
                <Coords points="735,2057 3426,2057 3426,1958 3057,1919 735,1955"/>
                <Baseline points="752,2016 884,2016 1017,2018 1150,2018 1283,2019 1415,2019 1548,2019 1681,2019 1814,2019 1946,2019 2079,2019 2212,2019 2345,2019 2477,2019 2610,2019 2743,2019 2876,2019 3008,2019 3141,2021 3274,2021 3407,2021"/>
                <TextEquiv>
                    <Unicode>in den letzten Tagen, habe ich mich ziemlich viel mit einem früheren</Unicode>
                </TextEquiv>
            </TextLine>
            <TextLine id="r1l15" custom="readingOrder {index:14;}">
                <Coords points="724,2148 3373,2175 3373,2091 2875,2038 724,2057"/>
                <Baseline points="741,2145 871,2147 1002,2148 1133,2148 1264,2150 1395,2150 1525,2150 1656,2150 1787,2150 1918,2150 2049,2150 2179,2150 2310,2150 2441,2150 2572,2150 2703,2150 2833,2150 2964,2150 3095,2150 3226,2150 3357,2150"/>
                <TextEquiv>
                    <Unicode>Unterseebootoffizier unterhalten, von der übrigen Gesellschaft nur</Unicode>
                </TextEquiv>
            </TextLine>
            <TextLine id="r1l16" custom="readingOrder {index:15;}">
                <Coords points="733,2317 3572,2332 3572,2209 733,2229"/>
                <Baseline points="749,2279 889,2279 1029,2280 1169,2280 1310,2280 1450,2280 1590,2280 1731,2280 1871,2280 2011,2281 2152,2282 2292,2282 2432,2282 2572,2282 2713,2282 2853,2283 2993,2283 3134,2283 3274,2283 3414,2283 3555,2283"/>
                <TextEquiv>
                    <Unicode>ganz wenig Gebrauch gemacht. Es war immer das reinste, ruhigste Wetter-</Unicode>
                </TextEquiv>
            </TextLine>
            <TextLine id="r1l17" custom="readingOrder {index:16;}">
                <Coords points="728,2438 3332,2461 3332,2362 3125,2341 729,2339"/>
                <Baseline points="747,2405 875,2406 1003,2408 1132,2409 1260,2409 1389,2411 1517,2411 1645,2412 1774,2412 1902,2412 2031,2412 2159,2412 2287,2414 2416,2414 2544,2414 2673,2414 2801,2414 2929,2414 3058,2415 3186,2415 3315,2417"/>
                <TextEquiv>
                    <Unicode>auch im Golf von Biskaya rührte sich keine Welle, - aber auf Deck,</Unicode>
                </TextEquiv>
            </TextLine>
            <TextLine id="r1l18" custom="readingOrder {index:17;}">
                <Coords points="732,2567 3388,2590 3462,2478 732,2494"/>
                <Baseline points="749,2535 883,2537 1018,2538 1153,2540 1288,2540 1422,2541 1557,2541 1692,2541 1827,2543 1961,2543 2096,2543 2231,2543 2366,2543 2500,2544 2635,2544 2770,2544 2905,2544 3039,2546 3174,2546 3309,2546 3444,2547"/>
                <TextEquiv>
                    <Unicode>und auch in unseren Kajüten fast immer kühl (glücklicherweise hatte</Unicode>
                </TextEquiv>
            </TextLine>
            <TextLine id="r1l19" custom="readingOrder {index:18;}">
                <Coords points="722,2691 3463,2705 3463,2600 723,2582"/>
                <Baseline points="740,2666 875,2666 1010,2667 1145,2667 1281,2669 1416,2669 1551,2670 1687,2670 1822,2672 1957,2672 2093,2672 2228,2673 2363,2673 2498,2673 2634,2675 2769,2675 2904,2675 3040,2675 3175,2676 3310,2676 3446,2676"/>
                <TextEquiv>
                    <Unicode>ich Deinen köstlichen Plaid und Lili einen alten grauen) Plaid von</Unicode>
                </TextEquiv>
            </TextLine>
            <TextLine id="r1l20" custom="readingOrder {index:19;}">
                <Coords points="730,2816 3453,2850 3453,2755 3285,2734 730,2732"/>
                <Baseline points="749,2798 883,2798 1017,2799 1151,2799 1286,2799 1420,2799 1554,2801 1688,2801 1823,2801 1957,2802 2091,2802 2225,2802 2360,2802 2494,2804 2628,2804 2762,2804 2897,2804 3031,2804 3165,2804 3299,2802 3434,2802"/>
                <TextEquiv>
                    <Unicode>mir mit, die in der Nacht gute Dienste taten. Meine (ziemlich symme-</Unicode>
                </TextEquiv>
            </TextLine>
            <TextLine id="r1l21" custom="readingOrder {index:20;}">
                <Coords points="722,2932 1259,3007 3526,2967 3477,2872 3098,2846 723,2840"/>
                <Baseline points="741,2927 879,2928 1017,2930 1156,2930 1294,2931 1433,2931 1571,2931 1710,2933 1848,2933 1987,2933 2125,2933 2263,2933 2402,2933 2540,2933 2679,2933 2817,2933 2956,2934 3094,2934 3233,2936 3371,2936 3510,2937"/>
                <TextEquiv>
                    <Unicode>trischen, zahnschmerzartigen (Hüftschmerzen, etwa ischiadischer Natur,</Unicode>
                </TextEquiv>
            </TextLine>
            <TextLine id="r1l22" custom="readingOrder {index:21;}">
                <Coords points="723,3114 3457,3077 3208,2989 724,2987"/>
                <Baseline points="740,3056 875,3057 1010,3059 1145,3059 1280,3060 1415,3060 1550,3062 1685,3062 1820,3062 1955,3062 2090,3062 2225,3062 2360,3062 2495,3062 2630,3062 2765,3062 2900,3063 3035,3063 3170,3063 3305,3063 3441,3065"/>
                <TextEquiv>
                    <Unicode>waren wohl auf die Temperatur und auf den Wind zurückzuführen - nun</Unicode>
                </TextEquiv>
            </TextLine>
            <TextLine id="r1l23" custom="readingOrder {index:22;}">
                <Coords points="729,3209 3480,3247 3480,3138 3178,3109 729,3132"/>
                <Baseline points="746,3186 881,3188 1017,3189 1153,3189 1289,3191 1425,3192 1561,3192 1697,3192 1833,3192 1969,3192 2105,3194 2240,3194 2376,3194 2512,3194 2648,3194 2784,3194 2920,3194 3056,3194 3192,3194 3328,3194 3464,3195"/>
                <TextEquiv>
                    <Unicode>scheinen sie sicht, nach einer gut durchschlafenen Nacht ver-</Unicode>
                </TextEquiv>
            </TextLine>
            <TextLine id="r1l24" custom="readingOrder {index:23;}">
                <Coords points="727,3340 3453,3351 3408,3249 727,3259"/>
                <Baseline points="743,3315 877,3317 1012,3318 1146,3320 1281,3320 1416,3321 1550,3321 1685,3321 1819,3323 1954,3323 2089,3323 2223,3323 2358,3323 2492,3324 2627,3324 2762,3324 2896,3326 3031,3326 3165,3327 3300,3329 3435,3330"/>
                <TextEquiv>
                    <Unicode>ziehen zu wollen. Das Schiff kam in der Nacht auf Dienst in Hamburg</Unicode>
                </TextEquiv>
            </TextLine>
            <TextLine id="r1l25" custom="readingOrder {index:24;}">
                <Coords points="722,3466 3459,3454 3259,3379 722,3375"/>
                <Baseline points="741,3446 883,3446 1025,3447 1167,3447 1309,3449 1451,3449 1593,3450 1735,3450 1877,3452 2019,3452 2161,3453 2303,3453 2445,3455 2587,3455 2729,3455 2871,3456 3013,3456 3155,3456 3297,3456 3440,3456"/>
                <TextEquiv>
                    <Unicode>an; Dienstag Früh Ausschiffung; der Tender brachte uns an die Sankt</Unicode>
                </TextEquiv>
            </TextLine>
            <TextLine id="r1l26" custom="readingOrder {index:25;}">
                <Coords points="704,3596 3325,3628 3266,3509 1992,3556 704,3473"/>
                <Baseline points="722,3578 851,3579 980,3579 1109,3579 1239,3581 1368,3581 1497,3581 1627,3582 1756,3582 1885,3584 2015,3584 2144,3584 2273,3585 2402,3585 2532,3587 2661,3587 2790,3587 2920,3588 3049,3588 3178,3588 3308,3588"/>
                <TextEquiv>
                    <Unicode>Pauli Landungsbrücke; dort nahm uns Paul Marx und Lucy Jacoby in</Unicode>
                </TextEquiv>
            </TextLine>
            <TextLine id="r1l27" custom="readingOrder {index:26;}">
                <Coords points="707,3750 3279,3744 3279,3653 3156,3642 707,3642"/>
                <Baseline points="723,3707 849,3708 976,3708 1103,3710 1230,3711 1357,3711 1484,3711 1610,3713 1737,3713 1864,3713 1991,3714 2118,3714 2245,3714 2372,3714 2498,3716 2625,3716 2752,3716 2879,3717 3006,3717 3133,3719 3260,3720"/>
                <TextEquiv>
                    <Unicode>Empfang. Spaziergang, -zurück in die Kammerspiele, wo Lucy Jakoby</Unicode>
                </TextEquiv>
            </TextLine>
            <TextLine id="r1l28" custom="readingOrder {index:27;}">
                <Coords points="704,3867 3311,3851 3311,3764 704,3751"/>
                <Baseline points="723,3834 851,3836 980,3838 1108,3839 1237,3840 1365,3842 1494,3843 1622,3843 1751,3843 1879,3845 2008,3845 2137,3845 2265,3845 2394,3845 2522,3846 2651,3846 2779,3846 2908,3848 3036,3848 3165,3849 3294,3851"/>
                <TextEquiv>
                    <Unicode>Dramaturg ist.- Dann (mit Lily und Marx, der hier Theater spielt)</Unicode>
                </TextEquiv>
            </TextLine>
            <TextLine id="r1l29" custom="readingOrder {index:28;}">
                <Coords points="711,3990 3420,4019 3375,3899 712,3874"/>
                <Baseline points="729,3969 862,3969 996,3971 1130,3971 1264,3972 1397,3973 1531,3974 1665,3975 1799,3975 1932,3975 2066,3977 2200,3977 2334,3978 2467,3978 2601,3980 2735,3980 2869,3981 3002,3981 3136,3983 3270,3983 3404,3984"/>
                <TextEquiv>
                    <Unicode>Spazierfahrt in einem Motorboot durch den grossartigen Hafen, - dann</Unicode>
                </TextEquiv>
            </TextLine>
            <TextLine id="r1l30" custom="readingOrder {index:29;}">
                <Coords points="713,4110 3109,4165 3435,4146 3436,4072 713,4019"/>
                <Baseline points="731,4098 865,4100 999,4101 1134,4101 1268,4103 1403,4103 1537,4104 1671,4104 1806,4106 1940,4107 2075,4107 2209,4109 2343,4109 2478,4110 2612,4110 2747,4112 2881,4113 3015,4115 3150,4115 3284,4116 3419,4118"/>
                <TextEquiv>
                    <Unicode>Autofahrt durch die Stadt; - Abreise um 1; Ankunft nach 5 in Berlin;</Unicode>
                </TextEquiv>
            </TextLine>
            <TextLine id="r1l31" custom="readingOrder {index:30;}">
                <Coords points="708,4289 3330,4289 3330,4187 3095,4150 1028,4203 710,4110"/>
                <Baseline points="725,4230 854,4232 983,4235 1112,4236 1242,4238 1371,4239 1500,4239 1630,4241 1759,4241 1888,4242 2018,4242 2147,4244 2276,4244 2405,4244 2535,4245 2664,4245 2793,4247 2923,4247 3052,4248 3181,4250 3311,4251"/>
                <TextEquiv>
                    <Unicode>u. Heini an der Bahn. O. fuhr mit Lily in die Constanzerstrasse,</Unicode>
                </TextEquiv>
            </TextLine>
            <TextEquiv>
                <Unicode>





























</Unicode>
            </TextEquiv>
        </TextRegion>
    </Page>
</PcGts>
