3770 4694
2721 199 2999 364 Bl. 2.
2009 221 2425 406 16.8.1927
622 421 3332 576 ich werde morgen jedesfalls hinauffahren. Im Hotel selbst scheinen
624 579 3214 706 keine Zimmer frei zu sein, aber in einem Nebenhaus. -O, Saison! -
637 662 3485 837 Von Dora hatte ich ein Telegramm noch aus Berlin,- sie ist von gestern
625 816 3361 956 an am Karersee, Latemar; wahrscheinlich fahre ich Samstag hinauf und
610 931 3366 1101 bin Sonntag Abend vorraussichtlich wieder zurück und am Montag spä-
673 1063 3407 1209 testens bist Du hier. Uebrigens ist Deine Angst vor einer Sonntags-
645 1207 3328 1372 reise unbegründet; - für Fernstrecken haben ja diese Ueberfüllungen
638 1318 3401 1492 keine Geltung. Immerhin wäre zu erwägen, ob Du nicht in Villach über-
666 1476 3292 1656 nachten und so Montag Mittag in Bozen ankommen könntest: -
652 1614 3284 1759 wir könnten dann schon Dienstag weiter oder vorerst eine Tour mit
636 1749 3420 1886 Stefenelli machen. Bozen selbst als Hauptquartier ist immer ein ent-
651 1891 3287 2002 zückender Aufenthalt. Ich lasse jetzt meine Koffer hier im Hotel
651 1996 3323 2129 stehen (ohne das Zimmer zu behalten) und fahre sowohl nach Kloben-
658 2125 3352 2259 stein wie nach Karersee als Tourist. - Selbstverständlich denke ich
642 2256 3258 2421 nicht daran in Bozen zu bleiben. Wie ich Dir schon telegraphiert
657 2383 3462 2530 habe kommt je nach Wetterlage Gebirge oder Gardasee in Betracht. Nach
650 2491 3384 2653 dem 20. gibts keine Schwierigkeiten mehr Zimmer zu bekommen- und am
661 2641 3413 2801 Gardasee ist noch nicht voll. Natürlich denke ich nicht an Riva, son-
634 2757 3271 2914 dern an Gardone oder Sirmione. (Ich möchte gleich bemerken, dass
680 2873 3250 3047 es mir mit Venedig gar nicht eilt und mit Wien schon gar nicht.)
708 3031 1025 3113 Zsolnay.
688 3032 3374 3170 -Examinisch erstaunt mich natürlich gar nicht und übrigens ist wieder
641 3177 3426 3308 alles mögliche von ihm hier zu sehen; -nur weit und breit keine Elise.
673 3296 3390 3453 Zweifellose Absicht! - und gewiss hast Du an dieser Antipathie (die
649 3443 3369 3590 zum Sichdurchschautwissen begründet ist) mitzuleiden. Was die son-
686 3567 3386 3710 stige aus Wien nachgeschickte Correspondenz betrifft: Schweigen im
669 3691 2637 3846 Filmwalde; - und auch Amerika hält die Taschen zu.
684 3803 3398 3959 So ein Tag ganz allein, in einem angenehm kühlen (ja kühlen!) Zimmer
661 3951 3495 4109 hat immer wieder seinen Reiz. Zum Herumapazieren in der Umgebung wäre
674 4089 3399 4256 allerdings ein wenig zu schwül. Gegen Abend will ich gegen Gries zu
681 4230 3339 4348 wandeln. Mein körperliches Befinden durch das schlechte Bett und
