3686 4695
671 619 3351 739 Anruf Bertha Z. in grösster Aufregung. Sie war beim Frühstück bei
668 755 3340 921 Alma und Werfel die sich nicht fassen können, mit welcher Teilnahme
656 878 3331 1030 A. von der O. spricht. Almas Tochter Anny hat erzählt, wie empörend
661 1001 3267 1147 die O. sich in Venedig benommen haben soll. Sie ist angeblich in
663 1141 3344 1312 ihren Schwiegersohn Arnoldo verliebt und soll es von jeher gewesen
655 1280 3377 1421 sein. Sie sei mit ihm eng umschlungen in einer Gondel gefahren, bet-
663 1398 3418 1557 tet seinen Kopf immer an ihre Brust etc. Alle Bekannten dort,
652 1540 3402 1661 inklusive des Generals (von Arnoldo) sollen empört sein. Werel spre-
665 1677 3347 1821 che von der O. nur per "die Sau". Das ist die Frau, um derentwillen
650 1791 1317 1919 ich leiden muss.
662 1874 751 1953 25
622 1935 3081 2088 x28x3. Gehetztes Dasein, Sorgen. Mit A. ruhige Freundlichkeit.
644 2071 3407 2187 26.9. Reflektanten auf meine Wohnung. Es wird mir nichts übrig blei-
640 2208 3280 2350 benals abzuschliessen. Mit A. bei der "Linde" genachtmahlt, er ist
646 2312 1241 2449 sehr erkältet.
616 2442 3346 2582 xxx 28.9. A. hat mir sein neues Stück vorgelesen. Ich finde es aus-
656 2603 3310 2731 gezeichnet, sehr bühnenwirksam, stellenweise ergreifend. Die Führung
656 2709 3392 2872 und Durchführung vorbildlich und trotzdem hat es nicht das dichteri-
638 2867 3309 2968 sche Niveau seiner anderen Stücke, vom "Gang zumWeiker" z.B. (trotz
633 2996 3353 3110 aller Schwächen und Peinlichkeiten dieses Stückes) oder von "Medar-
670 3086 3395 3220 dus" "Beatrive" "Bernhardi". Aber ich glaube an einen Erfolg die-
644 3208 2068 3351 ses Stückes. (K∈κρκακαλακεκ κεκ
637 3345 3297 3517 A. in guter Stimmung gelesen. Er hat Baumeister Siebert Auftrag ge-
637 3508 2875 3627 geben Wohnung für mich im 18. oder 19.Bezirk zu suchen.
632 3621 3335 3752 Ich habe A. modernisierung vom "Zug der Schatten" geraten, Uebertra-
640 3761 1456 3885 gung in unsere Zeit.
620 3879 2892 4020 Abend mit Bertha Z. bei A. Recht gemütlich und animiert.
633 4031 3341 4177 Wenn ich daran denke, dass ich meine Wohnung, in der ich geboren bin,
623 4158 2820 4334 in der Eltern und Grosseltern lebten, verlassen soll - -
