3730 4666
2451 289 3005 464 21.7.23.Bl.2.
2782 452 2979 539 sich
617 473 3349 632 als Vermählung des Medardus mit der Prinzessin. Da es xxx für die
567 622 3299 762 hiesigen Unternehmer um Unsummen handelt, - sind sie natürlich sofort
615 741 3390 900 zur Nachgiebigkeit bereit, wobei sie durch ihre Dummheit und Scrupel-
621 883 3483 1016 losigkeit unterstützt werden. Nicht das Publikum ist, das primär dumme; -
557 1036 3313 1180 diese Subjekte sind es, die das Publikum dumm machen und verderben.-
883 1145 3369 1271 Ich hoffe sehr bald zu hören, dass Du die Heringsdorfer Wider-
559 1303 3392 1434 wärtigkeiten überstanden und vergessen hast. Im Park in Weimar müssen
573 1414 3499 1559 sichalle Kümmernisse lösen, grosse und kleine. Sieh zu, dass Du das kleines
547 1536 3466 1679 Buch über Weimar von Diezmann bekommst: eventuelle kaufe Dir das Bode-
572 1672 2704 1815 sche über Goethes Sohn, das sehr aufschlussreich ist.
601 1812 3307 1932 Das Wetter ist nicht mehr so heiss; - aber etwas sirocal und
561 1967 3310 2090 seit zwei Tagen bin ich in einer Kopfwehperiode geraten, die mir das
549 2059 1373 2196 Arbeiten erschwert.
570 2190 2809 2367 Morgen Mittag bin ich bei Benedikt in Grinzing geladen.
610 2307 3298 2448 In Deinen beiden Briefen bist Du mir sehr nah gewesen. Schreib mir
620 2457 3423 2620 immer so lieb. Ich küsse Deine schlanken Hände und denke Dein - nicht
578 2591 3345 2753 ohne Sehnsucht (Ausdrucksweise von Clara Katharina). Lass Dir's wohl
567 2742 928 2861 ergehen!
1045 2846 1266 2969 Dein
3472 116 3626 275 32
