3786 4630
248 140 872 312 1.N. 155.550
1678 173 2346 425 Tagebuch
673 313 1316 537 Tgb. 8.10.1929.
715 537 3580 653 24.10. Lange nicht eingeschrieben aus Mangel an Lust irgend etwas fest-
694 652 3534 814 zuhalten. Befinden A.'s nicht gut. Laune durch die ewigen Missstimmun-
676 800 3458 959 gen und Melancholien von A. auch sehr beeinträchtigt. Finde ihn auch
673 947 3494 1092 schlecht aussehend. Heute seit einer Woche der erste schmerzfreie Tag
680 1071 3461 1200 für mich. Sonst immer Schmerzen in der Gallengegend,Gefässkrämpfe,
681 1207 3535 1363 Störungen etc. Nehme auf Anordnung des Arztes kohlensaure Bäder, Rekre-
692 1323 2010 1448 sal. (Von Carry vorgeschrieben).
683 1453 3494 1603 Letzthin Abend bei A. mit Felix Salten und Gattin. Sie hatten ihn und
683 1576 3432 1716 mich eingeladen, da aber A. erkältet ist, wurde das Fest in die Stern-
693 1731 3377 1870 wartestrasse verlegt. A.F.S. erzählte amüsante Geschichten aus dem
674 1857 2362 1991 Reinhardtkreis, eine saubere Gesellschaft.
685 1975 3485 2137 Das Ehepaar begleitete mich dann nach Haus und sofort gab F.S. seiner
666 2059 3562 2225 Empörung Ausdruck, dass A. in Marienbad war, um die O. in F. zu besuchen,
3112 2187 3380 2282 Artheurs
678 2250 3478 2420 und schimpfte über die 0. in allen Tonarten. Ich verteidigte Aina. Vor
735 2339 3124 2503 gehen. Was ich mir denke werde ich den Leuten nicht sagen.
674 2515 3538 2642 Mit A. sehr viel in dieser ganzen Zeit zusammen, nahezu täglich und oft
688 2632 3372 2746 zweimal im Tag. Aber alles in Depression und Schwermut eigentlich.
663 2751 3492 2894 Henry entlobt, ich habe die Braut nie gesehen, wie ich es vorausgesehen
685 2892 3434 3035 hatte. Vielleicht werden die Erfahrungen mehr nützenals meine Worte.
688 3016 3498 3176 die ich an ihn verschwende. Diesmal hat sie ihm abgeschrieben, weil er
684 3120 1503 3279 ihr zum brutal ist.
688 3345 3434 3476 25.10. In der Früh ruft mich A. an, um mir mitzuteilen, dass Alma ihn
2005 3435 2422 3515 anzularen.
1016 3433 1456 3536 hat ein ihr
718 3438 837 3521 Klet
697 3439 3461 3588 angereffen und für heute Mittag eingeladen hätte. Ich bin nicht einge-
687 3571 3609 3725 laden. Die Leute wissen eben immer noch nicht wie sie sich mir gegenüber
675 3727 3486 3869 zu verhalten haben. Es wird niemand einfallen Werfel ohne Alma einzu-
679 3861 3406 3999 laden, weil er sich eben ganz zu ihr bekennt. Für einen der nächsten
676 4007 3487 4155 Tage hat A. Beer-Hofmanns, ihn,Gattin und Sohn zu Tisch gebeten, mich
674 4117 3549 4264 nicht - obwohl ich sie wahrlich lang genug kenne. Er hält mich ganz ab-
