3787 4703
1936 372 2766 527 Semmering,21.8.1928.
573 487 3253 673 Mein Liebstes, heute Früh kam Deine Karte vom 19., heute Abend Dein
2540 610 2719 694 zwei
609 624 3475 765 lieber Brief von gestern. So ist der Tag zwischen guten Dingen ver-
615 790 3260 948 laufen. Komisch, dass mir keine richtigere Bezeichnung einfällt, als
636 878 3458 1019 "guten Dingen". Zwischen zwei guten Augenblicken genügt nicht, denn das
606 1050 2758 1205 Entziffern, Lesen, und Wiederlesen dauert viel länger.
596 1159 3487 1265 Denke Dir, mich hat der Besuch in Neuschwanstein seinerzeit tief ergrif-
611 1294 3423 1442 fen. Ich habe natürlich die Bilder und alles andere ebenso scheusslich
616 1428 3340 1550 gefunden, aber mir tat dieser König so unbeschreiblich leid. Er war
608 1551 3296 1685 allerdings meine Kinderliebe gewesen, denn mein Onkel Emil erzählte
611 1708 3339 1827 immer so viel von ihm. Erbärmlich sind die sogenannten Künstler, die
593 1854 3444 1958 mit seiner krankhaften Phantasie spielten und ihm Kutsch lieferten. Ich
598 1925 3438 2059 bin überzeugt, er dachte, empfand und träumte etwas ganz anderes, wenn er
602 2111 3344 2209 als Lohengrin auf dem kleinen Teich fuhr und hatte keine Ahnung von
587 2201 3323 2363 dieser Lächerlichkeit. Es ist wie ein Kind, das in einer geschmacklos
613 2374 3062 2484 aufgeputzten Puppe eine wundervolle Prinzessin sieht. Als mir
605 2513 3170 2616 ein alter Kammerdiener dort von "seinem König erzählte, geschah er
640 2599 1481 2744 Tränen in den Augen.
588 2722 3367 2848 Heute Vormittag wieder Meierei und ein kürzerer einsamer Spaziergang.
596 2865 3418 3009 Mittag im Stüberl traf ich wieder Emmy Redlich, ohne dass wir uns ver-
600 2983 3487 3140 abredet hatten. Nach Tisch starkes Gewitter mit Regengüssen. Ich schlief,
595 3135 3529 3224 schrieb Briefe und las - die Wahlverwandtschaften, die ich mir mitenommen
604 3256 3336 3422 hatte. Um 6 Uhr - es hatte zu regnen aufgehört - besuchte ich meine
596 3367 3440 3497 Tante Sidonie im Panhans. Eben habe ich genachtmahlt (in meinem Zimmer
600 3514 3458 3656 natürlich) und gehe noch auf eine Stunde in die Halle hinüber. Ich bin
595 3674 3330 3785 schon zu müde, um noch zu lesen und bleib nicht gerne mit meinen Ge-
604 3771 1557 3912 danken zu lange allein.
597 3890 3293 4040 Ich bin riesig froh, dass Dir das Hotel dort angenehm ist, denn ich
600 4024 3314 4176 weiss, was das für Dein Befinden bedeutet. Dass die Schönheit einer
590 4154 3514 4282 Landschaft jeden Schmerz noch schmerzlicher macht, -ist leidor sehr wahr.
