3783 4722
646 414 3423 589 Einakter von mir dazugeben wollte.– Aber sehr gern; – nur stellt sich
662 582 3358 717 im weiteren Verlauf des Gesprächs heraus, dass er so gut wie keinen
665 693 3456 893 (von Anatol, Literatur abgesehen) kannte, – nicht einmal Grosse Scene oder
705 840 3497 994 Puppenspieler, von Gefährtin ganz zu geschweigen. Aber er wollte jetzt
672 973 3503 1117 alles lesen.– Und was denn mit »Fräulein Else« sei –? Er erfuhr von mir,
703 1111 3344 1233 dass ich noch nach keiner Richtung hin gebunden sei – und war nun
663 1238 3428 1379 der Erste, der den Plan zu sehen bekam.– Wir sprachen nun von classi¬
675 1360 3430 1517 schen Stücken.– Ich regte die »Natürliche Tochter« an, – er kannte sie
668 1510 1082 1659 nicht! –
670 1621 3351 1765 Heini kam, den Klein eventuell für sein Theater engagieren möchte; –
705 1779 3453 1918 Heini schwankt sehr (mit Recht) – denn bei Jessner ist man immerhin
686 1899 1569 2053 sicherer aufgehoben.–
696 2013 3463 2153 Ins Deutsche Theater, bringe die Pläne, spreche mit dem Theatermeister;
670 2136 3400 2298 die Pläne Strands – völlig undurchführbar; – es gibt auf der ganzen
714 2285 3417 2428 Welt kein Theater, das die von Strnad geforderten Masse besitzt – –
685 2443 3416 2560 man würde die – 3–4fache Breite brauchen. Und auch einen Saal von
716 2531 3365 2687 diesen Dimensionen konnte man keinen finden! – Ich kam auf
673 2681 3481 2816 einen Einfall – den Dworsky (so der Name des Theatermeisters) techn¬
680 2840 3396 2972 nisch durchführbar findet – und den ich Strnad schreiben will. Ich
690 2941 3449 3067 muss ja sagen, dass ich vor einem Rätsel stehe. Strnad kennt doch die
687 3090 3542 3206 Theater! – Ich habe jetzt ein telefonisches Gespräch mit der Elisabeth
694 3192 3379 3358 B. vor; – gestern Abend ein Telegramm von Strnad – er kann nicht vor
725 3313 3430 3461 24. in Berlin sein! – (was kaum mehr in Betracht kommt). Abend bin
701 3438 3460 3578 ich bei der Bergner zum Nachtmahl Heini kommt nach dem Theater hin.–
706 3584 3578 3730 Gestern sah ich im Deutschen Theater einiges aus dem Lustigen Weibern; –
701 3705 3502 3893 mit Krauss, und einem jugendlichen Komiker, Thieberg, den ich vorzüglich
704 3837 3445 3964 fand.– Ich nachtmahlte mit Heini im Schwarzen Ferkel.– Heute steht mir
712 3992 3572 4107 S. Fischer (Bureau) bevor; – gestern Vormittag war ich bei Feilchenfeld –
705 4126 1631 4290 financielles Gespräch.
718 4227 3481 4382 Und für jetzt, mein Liebes, sag ich Dir Adieu; – ich hoffe, es kommt noch
