2794 3362
2537 106 2690 249 325
1803 262 2675 383 3.8.26. 8 Uhr Abend.
453 221 1519 367 An A.S. Berlin in Arelboren
439 437 2410 559 Mein Liebes, Dein lieber Morgenbrief vom 1.8. kam
457 579 2732 688 heute mit der 2.Post, so dass ich ihn vorhandmals ich mit-
446 710 2581 829 tags heimkam. Ich bin sehr froh, dass Du gut und ruhig
448 862 2559 994 arbeitest und einen Schluss für die Badener Novelle
449 1000 2600 1110 gefunden hast, der Dich freut. Weniger froh bin ich,
506 1111 590 1176 .
456 1105 2525 1226 dass Du sie auch der O. vorgelesen hast - der Heini
655 1235 744 1316 n
464 1250 2563 1374 allein wäre mir lieber gewesen,. Kannst Du das nicht
440 1374 2560 1494 welchehen, mein Liebes? Als ich Dir sagte, dass ich den
443 1491 2579 1601 Rogner zum Schluss eingreifen lassen möchte, warst Du
445 1638 2447 1745 sehr dagegen. Ich bin sehr neugierig, wie das jetzt
450 1759 2542 1889 wird und was Du mit der Leopoldine anfängst. Ich bin
454 1890 2487 2031 auch sehr froh, dass Du die Front-Novelle schreiben
452 2020 2566 2159 Wilst, von der halt ich sehr viel. Du wirst natürlich
459 2149 2453 2270 finden, dass man von einem Inhalt allein nicht auf
465 2266 2579 2383 das Ganze schliessen kann, aber das stimmt nicht, wenn
465 2416 2504 2544 man jemandes mentalität und Schreibweise so genau
467 2550 1446 2662 kennt, wie ich die Deine.
462 2681 2579 2794 Nun aber wieder zum Tagesbericht. Also Nachmittag zu-
470 2817 2616 2916 erst ein paar Besorgungen, dann zur Hofrätin Eisenmen-
531 2966 2576 3066 er. Am Weg traf ich den Baron Egon Berger-Waldeneck,
