3828 4695
595 426 3406 578 wurde von Beiden zu einem Besuch aufgefordert. Mehr aus Neugierde als
561 582 3425 717 aus Bedürfnis kam es zu diesem Besuch, denn die O. hatte mir gleich bei
564 752 3532 856 diesem ersten Zusammentreffen einen wenig sympathischen Eindruck gemacht.
555 867 3389 997 Eine grosse, starkbusige Frau mit einem sehr weissen Ghettogesicht und
575 974 3420 1109 von unleidlicher Affektation. Mein Eindruck verbesserte sich nicht, als
611 1114 3583 1245 ich in das Haus in der Sternwartestrasse kam. Sie nannte A. immer "Väter-
565 1260 3493 1383 chen" und benahm sich, als ob sie auf der Bünne Salondame spiele, aber auf
580 1376 3463 1536 einer Provinzöhne. A. sah ich nur fluchtig, er schien eher zappelig
576 1525 3496 1660 und wie von dem Wesen der Gattin nicht eben angenehm berührt. Entzückend
571 1634 3435 1808 war die kleine Ljci im schwarzen Samtkleid. Sie war - es muss im Jahre
575 1804 3554 1941 1914 etwa gewesen sein - ungefähr 5 Jahre alt und glich damals sehr ihrem
577 1934 859 2063 vater.
1013 2001 3632 2193 Der erste unbewusste Kontakt zwischen A. und mir wurde vielleicht
584 2182 3500 2334 im Frühling 1915, im ersten Kriegsführling, hergestellt, als ich ihn zufäl-
1229 2273 1387 2357 abe
577 2281 3463 2465 lig wieder am Gmb, aber diesmal allein traf. Er sagte mir, ich sei sehr
621 2424 3556 2569 schön geworden und seine Augen strahlten mich an. Ich war überrascht von
554 2573 1665 2745 dem Ausdruck dieser Augen.
1013 2671 3432 2821 Im Sommer 1916 - er war mit seiner Familie in Alt-Aussee -
573 2835 3556 2957 besuchte er mich onne vorherige Ansage in Ischl, wo ich eine Sommerwohnung
548 2973 3423 3120 gemietet hatte. Es waren Gäste bei mir (Thury's) und wir verabredeten,
536 3109 3396 3237 dass ich ihn und seine Familie einmal in Alt-Aussee aufsuchen würde.
1017 3197 3551 3360 Als ich bald darauf mit meiner Schwägerin hinüberfuhr, verstän-
592 3344 3397 3495 digte ich ihn und seine Frau, dass ich mich freuen würde, wenn sie mich
592 3483 3467 3584 beim Seewirt abholen oder treffen würden. Sie kamen auch wirklich. Die
573 3621 3556 3758 U., die (senr geschmacklos für Alt-Aussee) in eine himmelblaue Battistwol-
579 3753 3480 3892 ke mit grossem himmelblauen Hut gekleidet war, entschuldigte sich sofort
586 3875 3361 3996 bei mir, sie hätte bereits eine Verabredung mit anderen Menschen, aber
584 4027 3515 4123 A.S. bat mich einen Spaziergang mit ihm zu machen. Wir gingen den Proce-
589 4120 3549 4287 nadeweg nach Markt Aussee und sassen auch längere Zeit auf einer Bank. Er
594 4261 3602 4412 wollte immer von mir hören, womit eigentlich mein Leben erfüllt sei und ich
3539 123 3621 253 6
