3690 4694
2845 282 3224 473 13.8.27.
513 507 3269 680 ein Herr Steuermann oder so ähnlich war ausnehmend liebenswürdig und
493 657 3256 804 ersuche mich den Roman ehestens zu schicken. Ich werde in circa 3 Wo-
508 804 1408 978 chen Antwort bekommen.
1022 924 3295 1092 Die letzten bösen Wiener Tage sind noch wie eine grosse,
494 1081 3260 1188 grosse Müdigkeit in mir und auch wie eine Angst - Ich warte auf ei-
489 1182 2495 1333 nen guten Brief von Dir und umarme Dich herzlich.
1687 1319 2145 1459 Deine C.K.
3514 102 3579 280 31
