<?xml version="1.0" encoding="UTF-8" standalone="yes"?>
<PcGts xmlns="http://schema.primaresearch.org/PAGE/gts/pagecontent/2013-07-15" xmlns:xsi="http://www.w3.org/2001/XMLSchema-instance" xsi:schemaLocation="http://schema.primaresearch.org/PAGE/gts/pagecontent/2013-07-15 http://schema.primaresearch.org/PAGE/gts/pagecontent/2013-07-15/pagecontent.xsd">
    <Metadata>
        <Creator>prov=READ-COOP:name=TrHtr:version=0.0.6:model_id=44522:date=25_11_2022_11:52</Creator>
        <Created>2022-11-17T16:35:42.088+01:00</Created>
        <LastChange>2022-11-29T22:25:10.936+01:00</LastChange>
        <TranskribusMetadata docId="1233893" pageId="50263645" pageNr="554" tsid="105363415" status="IN_PROGRESS" userId="40391" imgUrl="https://files.transkribus.eu/Get?id=XMXTPPXWGSFGRWFAURTAPRND&amp;fileType=view" xmlUrl="https://files.transkribus.eu/Get?id=XSOABRTWMSDRIDBAAAZYZSQT" imageId="41050698"/>
    </Metadata>
    <Page imageFilename="HIN-155550_0554.tif" imageWidth="3743" imageHeight="4634">
        <ReadingOrder>
            <OrderedGroup id="ro_1670241786307" caption="Regions reading order">
                <RegionRefIndexed index="0" regionRef="r1"/>
            </OrderedGroup>
        </ReadingOrder>
        <TextRegion id="r1" custom="readingOrder {index:0;}">
            <Coords points="600,91 600,4207 3651,4207 3651,91"/>
            <TextLine id="r1l1" custom="readingOrder {index:0;}">
                <Coords points="587,363 609,360 660,381 717,329 728,340 786,329 833,336 832,209 803,205 788,191 745,199 694,181 658,200 585,190"/>
                <Baseline points="606,323 632,323 658,323 684,323 711,322 737,321 763,321 789,321 816,323"/>
                <TextEquiv>
                    <Unicode>1928</Unicode>
                </TextEquiv>
            </TextLine>
            <TextLine id="r1l2" custom="readingOrder {index:1;}">
                <Coords points="641,544 3428,542 3428,455 2623,404 641,435"/>
                <Baseline points="660,519 797,521 935,522 1072,522 1210,522 1347,522 1485,522 1622,524 1760,522 1897,522 2035,522 2173,522 2310,522 2448,522 2585,522 2723,522 2860,522 2998,522 3135,524 3273,524 3411,525"/>
                <TextEquiv>
                    <Unicode>Befinden elend. Kongestionen und Schwindel. Mein Aussehen dabei sehr</Unicode>
                </TextEquiv>
            </TextLine>
            <TextLine id="r1l3" custom="readingOrder {index:2;}">
                <Coords points="668,677 3222,673 2976,565 668,586"/>
                <Baseline points="686,659 811,657 937,657 1063,656 1189,656 1315,656 1441,654 1566,654 1692,654 1818,654 1944,654 2070,654 2196,654 2322,654 2447,654 2573,654 2699,654 2825,654 2951,654 3077,654 3203,653"/>
                <TextEquiv>
                    <Unicode>gut. A. besonders nett. Rundfahrt um den Ring in der Nachtkühle.</Unicode>
                </TextEquiv>
            </TextLine>
            <TextLine id="r1l4" custom="readingOrder {index:3;}">
                <Coords points="620,815 3519,793 3435,702 620,703"/>
                <Baseline points="638,783 781,783 924,785 1067,785 1210,785 1353,785 1496,785 1639,785 1782,785 1925,785 2069,785 2212,785 2355,785 2498,783 2641,783 2784,783 2927,783 3070,784 3213,785 3356,785 3500,785"/>
                <TextEquiv>
                    <Unicode>11.7. mittwoch Vormittag. A. in der Stadt getroffen. Wundervolle Tasche</Unicode>
                </TextEquiv>
            </TextLine>
            <TextLine id="r1l5" custom="readingOrder {index:4;} supplied {offset:29; length:1;}">
                <Coords points="595,929 3299,944 3252,803 3092,871 596,839"/>
                <Baseline points="612,911 745,911 878,912 1012,914 1145,914 1278,915 1412,915 1545,915 1678,915 1812,915 1945,915 2078,915 2212,917 2345,917 2478,917 2612,917 2745,917 2878,918 3012,918 3145,920 3279,921"/>
                <TextEquiv>
                    <Unicode>bekommen. Parfum. Später mit Schwarzkopf. Mittag Otto, Fredi, Harry.</Unicode>
                </TextEquiv>
            </TextLine>
            <TextLine id="r1l6" custom="readingOrder {index:5;}">
                <Coords points="589,1052 708,1074 741,1052 853,1089 951,1056 984,1082 1227,1071 1227,1006 1176,1010 1129,970 1038,991 1002,962 962,980 872,969 843,994 669,1005 640,983 589,990"/>
                <Baseline points="608,1049 638,1047 668,1046 698,1046 728,1044 758,1044 788,1044 818,1043 848,1043 878,1043 908,1044 938,1044 968,1044 998,1044 1028,1044 1058,1046 1088,1046 1118,1046 1148,1047 1178,1047 1208,1049"/>
                <TextEquiv>
                    <Unicode>Am Abend Anna.</Unicode>
                </TextEquiv>
            </TextLine>
            <TextLine id="r1l7" custom="readingOrder {index:6;}">
                <Coords points="595,1219 3001,1206 3364,1185 3364,1095 595,1103"/>
                <Baseline points="614,1175 750,1175 887,1175 1023,1175 1160,1175 1296,1175 1433,1176 1569,1176 1706,1176 1842,1176 1979,1178 2115,1178 2252,1178 2388,1178 2525,1178 2661,1179 2798,1179 2934,1179 3071,1179 3207,1181 3344,1181"/>
                <TextEquiv>
                    <Unicode>1.2.7. Abend Autoausflug mit A., Berta Z. und ihren Kindern. Erst um</Unicode>
                </TextEquiv>
            </TextLine>
            <TextLine id="r1l8" custom="readingOrder {index:7;}">
                <Coords points="652,1346 2706,1353 2783,1251 652,1252"/>
                <Baseline points="671,1305 775,1305 880,1304 985,1304 1090,1304 1194,1304 1299,1305 1404,1305 1509,1305 1613,1307 1718,1307 1823,1307 1928,1308 2032,1308 2137,1308 2242,1308 2347,1310 2451,1310 2556,1310 2661,1308 2766,1308"/>
                <TextEquiv>
                    <Unicode>3/4 1 nach Haus. Gut geschlafen. A. sehr lieb zu mir.</Unicode>
                </TextEquiv>
            </TextLine>
            <TextLine id="r1l9" custom="readingOrder {index:8;}">
                <Coords points="657,1443 1824,1471 1824,1380 1639,1355 1512,1384 657,1353"/>
                <Baseline points="675,1437 731,1436 788,1436 844,1436 901,1434 957,1434 1014,1434 1070,1434 1127,1434 1183,1434 1240,1434 1297,1435 1353,1436 1410,1436 1466,1436 1523,1436 1579,1437 1636,1437 1692,1437 1749,1437 1806,1437"/>
                <TextEquiv>
                    <Unicode>13.7. Hitze unbeschreiblich.</Unicode>
                </TextEquiv>
            </TextLine>
            <TextLine id="r1l10" custom="readingOrder {index:9;}">
                <Coords points="609,1585 3511,1614 3464,1487 3102,1453 609,1484"/>
                <Baseline points="627,1563 770,1565 913,1565 1057,1566 1200,1566 1343,1566 1487,1566 1630,1568 1773,1568 1917,1568 2060,1568 2203,1568 2347,1568 2490,1569 2633,1569 2777,1569 2920,1569 3063,1571 3207,1571 3350,1571 3494,1572"/>
                <TextEquiv>
                    <Unicode>14.7. Am Abend mit A. und Heini erst im Kino, dann bei Prohaska genacht¬</Unicode>
                </TextEquiv>
            </TextLine>
            <TextLine id="r1l11" custom="readingOrder {index:10;}">
                <Coords points="613,1717 3352,1695 2911,1610 613,1593"/>
                <Baseline points="630,1692 765,1692 900,1694 1035,1694 1170,1695 1305,1695 1440,1695 1576,1697 1711,1697 1846,1697 1981,1698 2116,1698 2251,1698 2386,1700 2522,1700 2657,1700 2792,1701 2927,1701 3062,1703 3197,1703 3333,1704"/>
                <TextEquiv>
                    <Unicode>mahlt. Sehr nett, wenn auch ein wenig Befangenheit auf allen Seiten.</Unicode>
                </TextEquiv>
            </TextLine>
            <TextLine id="r1l12" custom="readingOrder {index:11;}">
                <Coords points="606,1837 3396,1870 3339,1735 607,1754"/>
                <Baseline points="626,1820 763,1821 901,1823 1038,1823 1176,1824 1313,1824 1451,1826 1588,1827 1726,1827 1863,1829 2001,1829 2139,1830 2276,1830 2414,1832 2551,1832 2689,1832 2826,1833 2964,1833 3101,1833 3239,1835 3377,1835"/>
                <TextEquiv>
                    <Unicode>Heini sieht sehr gut aus, gar nicht wie ein Schauspieler, eher wir ein</Unicode>
                </TextEquiv>
            </TextLine>
            <TextLine id="r1l13" custom="readingOrder {index:12;}">
                <Coords points="593,1987 1630,1957 1876,2005 2006,1969 2007,1904 593,1889"/>
                <Baseline points="612,1959 680,1957 749,1955 818,1955 887,1953 956,1953 1024,1952 1093,1952 1162,1952 1231,1952 1300,1953 1368,1953 1437,1953 1506,1955 1575,1955 1644,1956 1712,1956 1781,1958 1850,1958 1919,1958 1988,1959"/>
                <TextEquiv>
                    <Unicode>junger, deutsch-völkischer Student.</Unicode>
                </TextEquiv>
            </TextLine>
            <TextLine id="r1l14" custom="readingOrder {index:13;}">
                <Coords points="595,2100 2816,2125 2864,1991 595,2006"/>
                <Baseline points="614,2085 725,2085 837,2085 948,2085 1060,2085 1172,2085 1283,2085 1395,2085 1507,2085 1618,2087 1730,2087 1842,2087 1953,2087 2065,2088 2177,2088 2288,2088 2400,2090 2512,2090 2623,2090 2735,2091 2847,2091"/>
                <TextEquiv>
                    <Unicode>15.7. Cary–Magdi zurück, sprach sie nur telefonisch. </Unicode>
                </TextEquiv>
            </TextLine>
            <TextLine id="r1l15" custom="readingOrder {index:14;}">
                <Coords points="616,2228 2693,2274 3312,2241 3313,2165 617,2116"/>
                <Baseline points="636,2213 768,2213 901,2213 1034,2214 1167,2214 1300,2214 1433,2214 1566,2216 1699,2216 1832,2216 1965,2217 2097,2217 2230,2217 2363,2219 2496,2219 2629,2220 2762,2222 2895,2222 3028,2223 3161,2225 3294,2226"/>
                <TextEquiv>
                    <Unicode>16.7. Die Kinder sehen blühend aus und sind sehr lieb. Um 1/3 holte</Unicode>
                </TextEquiv>
            </TextLine>
            <TextLine id="r1l16" custom="readingOrder {index:15;}">
                <Coords points="587,2409 3431,2411 3432,2299 587,2282"/>
                <Baseline points="606,2340 746,2342 886,2342 1027,2343 1167,2343 1308,2345 1448,2345 1588,2346 1729,2346 1869,2348 2010,2348 2150,2348 2290,2349 2431,2349 2571,2349 2712,2351 2852,2351 2992,2352 3133,2352 3273,2354 3414,2355"/>
                <TextEquiv>
                    <Unicode>mich A. im Auto bei ihnen ab. Mit Heini, Frieda und Bruder wundervolle</Unicode>
                </TextEquiv>
            </TextLine>
            <TextLine id="r1l17" custom="readingOrder {index:16;}">
                <Coords points="655,2508 3489,2529 3489,2439 3312,2401 656,2396"/>
                <Baseline points="674,2469 813,2471 953,2472 1093,2472 1233,2474 1373,2474 1513,2475 1652,2475 1792,2477 1932,2477 2072,2477 2212,2478 2352,2478 2492,2480 2631,2481 2771,2481 2911,2483 3051,2484 3191,2486 3331,2487 3471,2490"/>
                <TextEquiv>
                    <Unicode>Fahrt nach Mauerbach, dann über St. Veit, Mauer zum Roten Stadl. Sehr ge¬</Unicode>
                </TextEquiv>
            </TextLine>
            <TextLine id="r1l18" custom="readingOrder {index:17;}">
                <Coords points="657,2632 2907,2675 3396,2650 3397,2566 658,2512"/>
                <Baseline points="674,2601 809,2603 944,2604 1079,2605 1215,2606 1350,2607 1485,2609 1621,2609 1756,2610 1891,2610 2027,2612 2162,2613 2297,2613 2432,2615 2568,2615 2703,2616 2838,2616 2974,2618 3109,2618 3244,2619 3380,2619"/>
                <TextEquiv>
                    <Unicode>mütlich und heiter. Bei der Heimfahrt A. vor mir gesessen, sehr lieb</Unicode>
                </TextEquiv>
            </TextLine>
            <TextLine id="r1l19" custom="readingOrder {index:18;}">
                <Coords points="675,2756 714,2774 754,2757 856,2769 892,2744 965,2738 1196,2777 1225,2767 1226,2698 1107,2653 995,2680 926,2647 846,2649 752,2684 676,2680"/>
                <Baseline points="693,2732 718,2732 744,2733 770,2733 796,2733 822,2733 847,2733 873,2733 899,2735 925,2735 951,2735 976,2735 1002,2735 1028,2735 1054,2735 1080,2736 1105,2736 1131,2737 1157,2738 1183,2739 1209,2741"/>
                <TextEquiv>
                    <Unicode>und zärtlich.</Unicode>
                </TextEquiv>
            </TextLine>
            <TextLine id="r1l20" custom="readingOrder {index:19;}">
                <Coords points="656,2892 3356,2934 3357,2786 657,2794"/>
                <Baseline points="674,2864 807,2865 940,2865 1073,2867 1206,2867 1340,2868 1473,2868 1606,2870 1739,2870 1872,2871 2006,2871 2139,2873 2272,2873 2405,2874 2538,2874 2671,2876 2805,2877 2938,2877 3071,2879 3204,2880 3338,2882"/>
                <TextEquiv>
                    <Unicode>Frieda verriet mir, dass er letzthin von mir gesagt hat, ich sei die</Unicode>
                </TextEquiv>
            </TextLine>
            <TextLine id="r1l21" custom="readingOrder {index:20;}">
                <Coords points="646,3028 3236,3081 3483,3025 3484,2927 647,2912"/>
                <Baseline points="666,2991 813,2993 960,2994 1107,2996 1255,2997 1402,2999 1549,3000 1697,3002 1844,3002 1991,3003 2139,3005 2286,3006 2433,3006 2581,3008 2728,3009 2875,3010 3023,3011 3170,3012 3317,3014 3465,3015"/>
                <TextEquiv>
                    <Unicode>beste Gefährtin, die man sich nur wünschen kann – ich hätte gar keinen</Unicode>
                </TextEquiv>
            </TextLine>
            <TextLine id="r1l22" custom="readingOrder {index:21;}">
                <Coords points="653,3147 700,3151 740,3130 769,3141 816,3131 891,3179 910,3168 924,3183 960,3169 962,3071 889,3066 861,3037 824,3058 763,3039 737,3053 701,3042 672,3067 654,3067"/>
                <Baseline points="671,3122 698,3120 725,3120 752,3119 780,3119 807,3119 834,3120 862,3120 889,3122 916,3123 944,3125"/>
                <TextEquiv>
                    <Unicode>Fehler.</Unicode>
                </TextEquiv>
            </TextLine>
            <TextLine id="r1l23" custom="readingOrder {index:22;}">
                <Coords points="643,3268 3469,3331 3470,3229 3257,3158 644,3177"/>
                <Baseline points="660,3246 799,3248 939,3251 1078,3252 1218,3254 1357,3255 1497,3257 1636,3258 1776,3260 1915,3260 2055,3261 2194,3263 2334,3264 2473,3265 2613,3266 2752,3267 2892,3269 3031,3270 3171,3272 3310,3273 3450,3275"/>
                <TextEquiv>
                    <Unicode>Heute Abend wieder bei den Kindern mit Egon. Er holt mich mit Auto ab</Unicode>
                </TextEquiv>
            </TextLine>
            <TextLine id="r1l24" custom="readingOrder {index:23;}">
                <Coords points="586,3409 865,3445 1159,3394 1876,3416 1949,3392 1950,3330 587,3304"/>
                <Baseline points="606,3374 672,3375 738,3375 804,3377 870,3377 936,3377 1002,3378 1069,3378 1135,3378 1201,3380 1267,3380 1333,3381 1399,3381 1465,3383 1532,3383 1598,3384 1664,3384 1730,3386 1796,3387 1862,3389 1929,3390"/>
                <TextEquiv>
                    <Unicode>und ich nehme das Nachtmahl mit.</Unicode>
                </TextEquiv>
            </TextLine>
            <TextLine id="r1l25" custom="readingOrder {index:24;}">
                <Coords points="595,3539 2895,3592 3490,3565 3527,3446 596,3409"/>
                <Baseline points="612,3504 756,3507 901,3509 1046,3510 1191,3512 1336,3513 1481,3515 1626,3516 1771,3518 1916,3519 2061,3520 2205,3521 2350,3522 2495,3524 2640,3525 2785,3527 2930,3528 3075,3531 3220,3533 3365,3534 3510,3536"/>
                <TextEquiv>
                    <Unicode>7.7. Gestern sehr gemütlich. Das Nachtmahl im Garten, nach dem wahnsin¬</Unicode>
                </TextEquiv>
            </TextLine>
            <TextLine id="r1l26" custom="readingOrder {index:25;}">
                <Coords points="646,3682 3276,3713 3336,3605 647,3544"/>
                <Baseline points="665,3636 797,3638 930,3639 1062,3641 1195,3642 1327,3644 1460,3644 1592,3645 1725,3647 1857,3648 1990,3650 2122,3651 2255,3653 2387,3654 2520,3656 2652,3657 2785,3659 2917,3660 3050,3662 3182,3663 3315,3665"/>
                <TextEquiv>
                    <Unicode>nig heissen Tag sehr erholend. Es hatte Nachmittag 35 Grad Réaumur</Unicode>
                </TextEquiv>
            </TextLine>
            <TextLine id="r1l27" custom="readingOrder {index:26;}">
                <Coords points="611,3776 3368,3817 3369,3708 3116,3683 2082,3747 612,3675"/>
                <Baseline points="630,3764 766,3765 902,3768 1038,3770 1174,3773 1310,3774 1446,3776 1582,3777 1718,3779 1854,3780 1990,3782 2126,3783 2262,3783 2398,3786 2534,3786 2670,3789 2806,3791 2942,3792 3078,3794 3214,3797 3351,3800"/>
                <TextEquiv>
                    <Unicode>an meinem Fenster. Magda erzählt mir, dass ihr Vater ihr gesagt habe,</Unicode>
                </TextEquiv>
            </TextLine>
            <TextLine id="r1l28" custom="readingOrder {index:27;}">
                <Coords points="599,3922 3422,3957 3420,3837 600,3831"/>
                <Baseline points="618,3894 757,3896 896,3897 1036,3900 1175,3902 1314,3903 1454,3905 1593,3906 1732,3908 1872,3911 2011,3912 2150,3914 2290,3915 2429,3917 2568,3919 2708,3921 2847,3923 2986,3924 3126,3926 3265,3927 3405,3929"/>
                <TextEquiv>
                    <Unicode>Hugo Hofmannsthal spräche so nett von mir. Ich gefalle ihm so gut und</Unicode>
                </TextEquiv>
            </TextLine>
            <TextLine id="r1l29" custom="readingOrder {index:28;}">
                <Coords points="604,4055 3376,4077 3363,3986 605,3975"/>
                <Baseline points="621,4026 765,4029 909,4031 1053,4032 1197,4034 1341,4036 1485,4038 1630,4040 1774,4041 1918,4043 2062,4044 2206,4046 2350,4047 2495,4049 2639,4050 2783,4052 2927,4055 3071,4056 3215,4059 3360,4061"/>
                <TextEquiv>
                    <Unicode>er habe eine sehr gute Meinung von mir. Ich freute mich nur, um es A.</Unicode>
                </TextEquiv>
            </TextLine>
            <TextLine id="r1l30" custom="readingOrder {index:29;}">
                <Coords points="579,4196 876,4209 1004,4167 1115,4234 1242,4248 1649,4189 1693,4132 1364,4123 1267,4070 798,4109 698,4060 581,4098"/>
                <Baseline points="600,4151 653,4154 707,4156 761,4158 814,4160 868,4161 922,4161 975,4163 1029,4163 1083,4164 1137,4164 1190,4164 1244,4166 1298,4166 1351,4167 1405,4167 1459,4169 1512,4170 1566,4172 1620,4173 1674,4175"/>
                <TextEquiv>
                    <Unicode>wieder erzählen zu können.</Unicode>
                </TextEquiv>
            </TextLine>
            <TextEquiv>
                <Unicode>1928
Befinden elend. Kongestionen und Schwindel. Mein Aussehen dabei sehr
gut. A. besonders nett. Rundfahrt um den Ring in der Nachtkühle.
11.7. mittwoch Vormittag. A. in der Stadt getroffen. Wundervolle Tasche
bekommen. Parfum. Später mit Schwarzkopf. Mittag Otto, Fredi, Harry.
Am Abend Anna.
1.2.7. Abend Autoausflug mit A., Berta Z. und ihren Kindern. Erst um
3/4 1 nach Haus. Gut geschlafen. A. sehr lieb zu mir.
13.7. Hitze unbeschreiblich.
14.7. Am Abend mit A. und Heini erst im Kino, dann bei Prohaska genacht¬
mahlt. Sehr nett, wenn auch ein wenig Befangenheit auf allen Seiten.
Heini sieht sehr gut aus, gar nicht wie ein Schauspieler, eher wir ein
junger, deutsch-völkischer Student.
15.7. Cary–Magdi zurück, sprach sie nur telefonisch. 
16.7. Die Kinder sehen blühend aus und sind sehr lieb. Um 1/3 holte
mich A. im Auto bei ihnen ab. Mit Heini, Frieda und Bruder wundervolle
Fahrt nach Mauerbach, dann über St. Veit, Mauer zum Roten Stadl. Sehr ge¬
mütlich und heiter. Bei der Heimfahrt A. vor mir gesessen, sehr lieb
und zärtlich.
Frieda verriet mir, dass er letzthin von mir gesagt hat, ich sei die
beste Gefährtin, die man sich nur wünschen kann – ich hätte gar keinen
Fehler.
Heute Abend wieder bei den Kindern mit Egon. Er holt mich mit Auto ab
und ich nehme das Nachtmahl mit.
7.7. Gestern sehr gemütlich. Das Nachtmahl im Garten, nach dem wahnsin¬
nig heissen Tag sehr erholend. Es hatte Nachmittag 35 Grad Réaumur
an meinem Fenster. Magda erzählt mir, dass ihr Vater ihr gesagt habe,
Hugo Hofmannsthal spräche so nett von mir. Ich gefalle ihm so gut und
er habe eine sehr gute Meinung von mir. Ich freute mich nur, um es A.
wieder erzählen zu können.</Unicode>
            </TextEquiv>
        </TextRegion>
    </Page>
</PcGts>
