3690 4698
622 210 953 418 An A.S.
1981 272 2749 428 Vien, 17. April1926.
638 411 1705 563 (Mittelmeerreise mit Lili)
603 529 1152 672 Mein Liebes,
1110 644 2289 807 ich fange schon heute an Dir
2394 651 3361 791 schreiben, da ich diesen
627 802 3339 952 ersten Brief morgen Sonntag in den Kasten stecken möchte, so dass er
626 929 3398 1051 am 19. an aller Früh ausgehoben wird. Es regnet seit heute Vormittag
628 1053 3375 1195 und es ist wieder so kalt, dass ich das retroleumöfchen ganz nahe bei
625 1207 3354 1310 mir stenen habe, um nicht zu frierenk und es macht mir Mühe mir vor-
624 1309 3354 1445 zustellen, dass Du zwischen einem blauen Himmel und glitzernden Welle
619 1438 3264 1594 irgendwo im Sonnenschein dahinfährst. Ich hoffe nur, dass es so ist
628 1580 3340 1736 dass Du gutes Wetter hast, dass Du Dich wohl fühlst und sehr sehr er-
608 1693 899 1848 holst.
971 1811 3315 2008 Ich denke an Dich ohne Groll und Bitterkeit. Ich denke in
619 1988 3430 2124 Herzlichkeit an Dich, aber in mir ist noch eine grosse Traurigkeit und
617 2078 1376 2253 ich bin sehr müde.
970 2230 3501 2412 Donnerstag Abend war ich noch bei Hermine, da ich nicht mit mir
613 2352 3415 2509 allein sein wollte, war um 10 Uhr zuhause und schlief, mit Schlafmittel
624 2488 3385 2612 natürlich, bis 6 Uhr Früh. Gestern Vormittag war ich zuerst am Fried-
609 2654 3332 2791 hof (Sterbetag meines Mannes) und dann in der Stadt. Um ½7 zuhaume,
611 2728 3468 2920 da ich Hanna Schiff (die Uebersetzerin) erwartete. Sie kam auch pünkt-
590 2898 3345 3074 lich ein recht farbloses Wesen, Lehrerinnentypus. Ich gab ihr Probe-
614 3030 3365 3189 weise einen Brief aus dem "Tod der Gräfin Anastasia" zum übersetzen,
593 3165 3440 3318 den ich dann einem Sachverständigen zeigen werde, ehe wir eines schrift-
595 3268 3371 3430 liche Abmachung treffen. Den übrigen Abend blieb ich allein und habe
602 3441 3279 3544 das Buch von Lucka mit grossem Interesse zu lesen begonnen, - wenn
607 3539 3456 3686 ich auch jetzt schon nicht mit allem einverstanden bin. Meiner Meinung
608 3696 3320 3833 nach hat es eine Liebe schon viel früher gegeben als Luska annimmt,
1929 3774 2032 3844 EX
616 3823 3336 3969 siehe Jakob und Rahel. Warum liebt Jakob Rahels Sohn besonders, wenn
601 3926 3359 4057 nicht auch meine Seele mit dabei gewesen wäre aber ich habe keine
575 4049 3443 4245 Lust einen philosophischen Brier zu schreiben, sonst würde er sehr xxx
598 4207 3329 4380 lang und vielleicht auch langweilig. - Ich habe diese Nacht versucht
596 4358 3410 4553 ohne Schlafmittel zu schlafen, bin mindestens zehnmal aufgewacht, hatte
3437 97 3593 279 267
