3742 4674
2039 305 2700 477 Wien, 28.7.1923.
619 490 3387 644 Liebste Clara Katharina, ich hoffe mein Expressbrief vom 26. hat Dich
641 669 3373 789 in Weimar noch erreicht oder ist Dir nach B.-B. nachgesandt worden.
637 759 3496 895 Dein Brief vom 24. (wo Du von Bode und Gundolf schreibst) kam gestern.
651 906 3422 1008 Vielen Dank! Ich also meinerseits fahre Donnerstag oder Freitag (oder
648 1063 3345 1173 Samstag - hängt von "Sascha" ab) nach Salzburg - und zwar auf eine
656 1163 3420 1304 dringende Bitte Stefan Zweigs, der mich mit dem bei ihm wohnenden Ro-
649 1296 3364 1440 main Rolland persönlich zusammenbringen möchte. (Ich stand mit R.R.
654 1425 3330 1582 während des Kriegs kurze Zeit in Korrespondenz). Diese Gelegenheit
654 1551 3446 1668 will ich nicht versäumen. Diese Anwesenheit R.R. in Oesterreich soll
652 1693 3409 1790 vorläufig "vertraulich" behandelt werden, weiss nicht warum. Am 5., 6.
689 1816 3383 1978 oder 7. fahre ich weiter über Stuttgart, bin aber spätestens 8. in
604 1956 3414 2086 B.-B. Ich halte es für wahrscheinlich, dass meine ganze Familie auch
688 2073 3438 2214 dort sein wird; incognito in B.-B. anzukommen ist technisch undurch-
650 2228 3407 2320 führbar, so sehe ich Dich also jedenfalls erst nachher. Meine Ankunft
657 2363 3339 2479 voraussichtlich Abend - also wohl am nächsten Vormittag. Deine Ab-
639 2486 3456 2616 reise von B.-B. zu überhetzen liegt wohl kein Grund vor? - Geldknapp-
641 2618 3387 2728 heit braucht Dir keine Sorge zu machen; in B.-B., wo ich bei Rheini-
688 2737 3406 2857 schen Bank akkreditiert bin, habe ich zur Verfügung so viel ich will
660 2849 1642 2989 (und Du natürlich auch).
686 2978 3468 3125 Wo ich in Salzburg absteige weiss ich noch nicht; - einen Brief nach
655 3133 3373 3242 Wien (express) müsstest Du spätestens Montag absenden, damit er mich
639 3275 3297 3395 noch sicher erreicht; - das wird kaum mehr möglich sein.Vorgestern
635 3379 3459 3513 Abend war ich mit Dr. Liechtenstern und Frau im Hubertushof, heute sind
641 3493 2311 3661 sie per Auto nachden Dolomiten abgereist.
636 3643 3379 3762 Im Ganzen verleb ich ziemlich ruhige Tage,bin meist bis zum späten
632 3783 3396 3902 Abend zuhaus, - in der nächsten Woche werde ich allerdings viel in der
645 3919 3385 4017 Stadt zu besorgen haben. Mit der Arbeit geht es vorwärts - nicht so
693 4040 3433 4167 sehr was das Niederschreiben anbelangt; sondern hinsichtlich innerer
615 4145 995 4302 K lärung.
3485 137 3610 312 41
