<?xml version="1.0" encoding="UTF-8" standalone="yes"?>
<PcGts xmlns="http://schema.primaresearch.org/PAGE/gts/pagecontent/2013-07-15" xmlns:xsi="http://www.w3.org/2001/XMLSchema-instance" xsi:schemaLocation="http://schema.primaresearch.org/PAGE/gts/pagecontent/2013-07-15 http://schema.primaresearch.org/PAGE/gts/pagecontent/2013-07-15/pagecontent.xsd">
    <Metadata>
        <Creator>prov=READ-COOP:name=TrHtr:version=0.0.6:model_id=44522:date=25_11_2022_11:51</Creator>
        <Created>2022-11-17T16:35:10.528+01:00</Created>
        <LastChange>2022-11-25T11:51:33.883Z</LastChange>
        <TranskribusMetadata docId="1233893" pageId="50263127" pageNr="386" tsid="105032276" status="IN_PROGRESS" userId="40391" imgUrl="https://files.transkribus.eu/Get?id=LOYLMXCJODCHKZDDOODDSNCO&amp;fileType=view" xmlUrl="https://files.transkribus.eu/Get?id=SDJAQFFHORMDSYIOTXICRALW" imageId="41050231"/>
    </Metadata>
    <Page imageFilename="HIN-155550_0386.tif" imageWidth="3771" imageHeight="4707">
        <ReadingOrder>
            <OrderedGroup id="ro_1669820951307" caption="Regions reading order">
                <RegionRefIndexed index="0" regionRef="r1"/>
            </OrderedGroup>
        </ReadingOrder>
        <TextRegion id="r1" custom="readingOrder {index:0;}">
            <Coords points="737,91 737,4281 3585,4281 3585,91"/>
            <TextLine id="r1l1" custom="readingOrder {index:0;}">
                <Coords points="1572,378 1595,375 1629,406 1789,408 1807,394 1888,412 1912,392 1991,396 1992,321 1855,310 1818,326 1760,319 1716,288 1674,314 1630,290 1572,289"/>
                <Baseline points="1590,377 1615,379 1641,380 1666,381 1692,382 1718,383 1743,383 1769,383 1794,383 1820,383 1846,383 1871,383 1897,383 1922,383 1948,383 1974,383"/>
                <TextEquiv>
                    <Unicode>Tagebuch.</Unicode>
                </TextEquiv>
            </TextLine>
            <TextLine id="r1l2" custom="readingOrder {index:1;}">
                <Coords points="735,598 889,592 940,609 1028,579 1110,613 1202,586 1243,600 1243,508 1189,487 1141,504 1093,480 1049,494 1005,466 916,452 735,527"/>
                <Baseline points="752,576 778,576 804,578 831,578 857,578 883,579 910,579 936,579 962,579 989,579 1015,579 1041,579 1068,578 1094,578 1120,578 1147,578 1173,578 1199,579 1226,579"/>
                <TextEquiv>
                    <Unicode>Sommer1926.</Unicode>
                </TextEquiv>
            </TextLine>
            <TextLine id="r1l3" custom="readingOrder {index:2;}">
                <Coords points="742,731 2898,737 2836,604 2672,663 742,645"/>
                <Baseline points="761,707 872,708 984,710 1095,710 1207,711 1318,711 1430,711 1541,711 1653,710 1764,710 1876,708 1987,708 2099,707 2210,707 2322,705 2433,705 2545,704 2656,704 2768,704 2880,704"/>
                <TextEquiv>
                    <Unicode>über neue Arbeiten, Kritiker,Freunde etc. Wetter trüb.</Unicode>
                </TextEquiv>
            </TextLine>
            <TextLine id="r1l4" custom="readingOrder {index:3;}">
                <Coords points="757,863 2666,864 2639,751 2530,799 757,751"/>
                <Baseline points="773,833 866,835 960,837 1054,839 1148,840 1241,840 1335,840 1429,840 1523,840 1616,840 1710,839 1804,839 1898,839 1991,837 2085,837 2179,837 2273,837 2366,837 2460,839 2554,839 2648,842"/>
                <TextEquiv>
                    <Unicode>Nachmittag. Ich habe Herzklopfen - Reisefieber.</Unicode>
                </TextEquiv>
            </TextLine>
            <TextLine id="r1l5" custom="readingOrder {index:4;}">
                <Coords points="746,983 3307,983 3228,898 2672,855 2069,939 746,902"/>
                <Baseline points="762,968 888,969 1014,971 1141,971 1267,971 1394,971 1520,971 1647,971 1773,971 1900,969 2026,969 2152,968 2279,968 2405,966 2532,966 2658,966 2785,965 2911,965 3038,965 3164,965 3291,966"/>
                <TextEquiv>
                    <Unicode>6.9. Schwerer Abschied. A. dankt mir für diese glückliche Zeit.</Unicode>
                </TextEquiv>
            </TextLine>
            <TextLine id="r1l6" custom="readingOrder {index:5;}">
                <Coords points="738,1114 3303,1103 3084,1022 738,1039"/>
                <Baseline points="756,1101 882,1101 1008,1101 1135,1101 1261,1101 1388,1101 1514,1101 1641,1101 1767,1101 1894,1101 2020,1101 2146,1101 2273,1101 2399,1100 2526,1100 2652,1100 2779,1098 2905,1098 3032,1098 3158,1097 3285,1097"/>
                <TextEquiv>
                    <Unicode>ich sagte: "Ich bin so froh, dass Du meiner in diesem langen Zu-</Unicode>
                </TextEquiv>
            </TextLine>
            <TextLine id="r1l7" custom="readingOrder {index:6;}">
                <Coords points="747,1253 3025,1285 3447,1181 2226,1116 746,1185"/>
                <Baseline points="765,1235 898,1235 1031,1235 1164,1235 1297,1233 1431,1233 1564,1233 1697,1232 1830,1232 1963,1232 2097,1230 2230,1230 2363,1230 2496,1230 2629,1230 2762,1229 2896,1229 3029,1229 3162,1229 3295,1230 3429,1230"/>
                <TextEquiv>
                    <Unicode>sammensein nicht überdrüssig wurdest". Er sagte: "Bei Gott, das bin</Unicode>
                </TextEquiv>
            </TextLine>
            <TextLine id="r1l8" custom="readingOrder {index:7;}">
                <Coords points="741,1377 3390,1390 3390,1301 3209,1270 741,1312"/>
                <Baseline points="759,1361 889,1362 1020,1362 1150,1364 1281,1365 1412,1365 1542,1365 1673,1367 1804,1367 1934,1367 2065,1367 2196,1367 2326,1365 2457,1365 2588,1365 2718,1364 2849,1364 2980,1362 3110,1362 3241,1361 3372,1361"/>
                <TextEquiv>
                    <Unicode>ich nicht" und ich weiss, er empfindet, dass es noch länger so blei-</Unicode>
                </TextEquiv>
            </TextLine>
            <TextLine id="r1l9" custom="readingOrder {index:8;}">
                <Coords points="735,1512 960,1512 1035,1545 1178,1498 1308,1520 1362,1505 1361,1447 1187,1453 1098,1411 1057,1435 975,1409 785,1443 733,1424"/>
                <Baseline points="752,1490 781,1491 811,1493 841,1494 870,1494 900,1496 930,1496 959,1496 989,1496 1019,1494 1049,1494 1078,1494 1108,1493 1138,1491 1167,1491 1197,1490 1227,1488 1256,1487 1286,1485 1316,1483 1346,1482"/>
                <TextEquiv>
                    <Unicode>ben dürfte - -</Unicode>
                </TextEquiv>
            </TextLine>
            <TextLine id="r1l10" custom="readingOrder {index:9;}">
                <Coords points="746,1688 3436,1660 3436,1554 746,1579"/>
                <Baseline points="761,1626 900,1626 1040,1625 1180,1625 1320,1625 1460,1625 1600,1625 1740,1625 1880,1625 2020,1626 2160,1626 2300,1626 2440,1626 2580,1626 2720,1626 2860,1626 3000,1626 3140,1626 3280,1628 3420,1628"/>
                <TextEquiv>
                    <Unicode>Als seine Gestalt auf dem Perron immer kleiner, immer ferner wurde,</Unicode>
                </TextEquiv>
            </TextLine>
            <TextLine id="r1l11" custom="readingOrder {index:10;}">
                <Coords points="737,1785 3319,1758 3196,1679 737,1689"/>
                <Baseline points="756,1755 883,1755 1010,1755 1137,1755 1264,1755 1392,1755 1519,1755 1646,1757 1773,1757 1900,1757 2028,1757 2155,1757 2282,1757 2409,1757 2536,1757 2664,1758 2791,1758 2918,1758 3045,1758 3172,1758 3300,1758"/>
                <TextEquiv>
                    <Unicode>hätte ich weinen können und doch - es ist gut, dass wir ein paar</Unicode>
                </TextEquiv>
            </TextLine>
            <TextLine id="r1l12" custom="readingOrder {index:11;}">
                <Coords points="734,1900 2783,1940 3350,1917 3384,1801 734,1825"/>
                <Baseline points="752,1884 882,1886 1013,1886 1144,1887 1275,1887 1406,1887 1536,1889 1667,1889 1798,1889 1929,1889 2060,1889 2190,1889 2321,1889 2452,1889 2583,1889 2714,1889 2844,1889 2975,1889 3106,1889 3237,1889 3368,1889"/>
                <TextEquiv>
                    <Unicode>Tage getrennt sind, dass wir in einer so glücklichen,zärtlichen</Unicode>
                </TextEquiv>
            </TextLine>
            <TextLine id="r1l13" custom="readingOrder {index:12;}">
                <Coords points="737,2057 3093,2075 3430,2052 3431,1943 737,1931"/>
                <Baseline points="752,2015 885,2016 1018,2016 1151,2018 1284,2018 1417,2018 1550,2018 1683,2018 1816,2018 1949,2018 2082,2018 2215,2018 2348,2018 2481,2018 2614,2018 2747,2019 2880,2019 3013,2019 3146,2021 3279,2022 3413,2022"/>
                <TextEquiv>
                    <Unicode>Stimmung auseinandergehen. Ich danke dir Gott für diese glückliche</Unicode>
                </TextEquiv>
            </TextLine>
            <TextLine id="r1l14" custom="readingOrder {index:13;}">
                <Coords points="730,2178 3250,2176 3250,2094 3025,2059 730,2059"/>
                <Baseline points="746,2145 870,2147 994,2147 1119,2147 1243,2147 1367,2148 1492,2148 1616,2148 1740,2150 1865,2150 1989,2150 2113,2151 2238,2151 2362,2151 2486,2151 2611,2153 2735,2153 2859,2153 2984,2153 3108,2153 3233,2153"/>
                <TextEquiv>
                    <Unicode>Zeit. Gib uns allen ein gutes Wiedersehen, einen guten Winter.</Unicode>
                </TextEquiv>
            </TextLine>
            <TextLine id="r1l15" custom="readingOrder {index:14;}">
                <Coords points="739,2334 3502,2287 3502,2216 2209,2179 740,2218"/>
                <Baseline points="758,2279 894,2277 1030,2277 1167,2277 1303,2277 1439,2277 1576,2279 1712,2279 1848,2279 1985,2279 2121,2280 2257,2280 2394,2280 2530,2280 2666,2280 2803,2282 2939,2282 3075,2282 3212,2280 3348,2280 3485,2280"/>
                <TextEquiv>
                    <Unicode>Ich freue mich auf Carly und seine Braut. Aus der zärtlichen Gelieb-</Unicode>
                </TextEquiv>
            </TextLine>
            <TextLine id="r1l16" custom="readingOrder {index:15;}">
                <Coords points="742,2413 3224,2483 3340,2466 3341,2368 742,2335"/>
                <Baseline points="758,2405 886,2406 1014,2408 1142,2408 1271,2409 1399,2409 1527,2411 1655,2411 1784,2411 1912,2412 2040,2412 2168,2412 2297,2412 2425,2414 2553,2414 2681,2414 2810,2414 2938,2414 3066,2414 3194,2414 3323,2415"/>
                <TextEquiv>
                    <Unicode>ten werde ich zur zärtlichen Mutter, Schwiegermutter. Drollig ist</Unicode>
                </TextEquiv>
            </TextLine>
            <TextLine id="r1l17" custom="readingOrder {index:16;}">
                <Coords points="745,2586 848,2576 865,2559 889,2580 943,2577 974,2550 1052,2584 1093,2564 1158,2574 1159,2465 1073,2485 1026,2458 961,2481 900,2467 814,2491 790,2470 746,2480"/>
                <Baseline points="762,2535 787,2535 812,2535 838,2537 863,2537 889,2537 914,2537 939,2537 965,2537 990,2537 1016,2537 1041,2537 1066,2537 1092,2537 1117,2538 1143,2538"/>
                <TextEquiv>
                    <Unicode>das Leben!</Unicode>
                </TextEquiv>
            </TextLine>
            <TextLine id="r1l18" custom="readingOrder {index:17;}">
                <Coords points="721,2691 830,2678 997,2727 1106,2697 1170,2728 1171,2612 1113,2602 1093,2619 973,2625 881,2593 830,2603 745,2572 721,2579"/>
                <Baseline points="737,2666 763,2666 789,2666 815,2666 841,2666 867,2666 893,2666 919,2666 946,2666 972,2666 998,2667 1024,2667 1050,2667 1076,2667 1102,2667 1128,2669 1155,2669"/>
                <TextEquiv>
                    <Unicode>Altaussee.</Unicode>
                </TextEquiv>
            </TextLine>
            <TextLine id="r1l19" custom="readingOrder {index:18;}">
                <Coords points="727,2843 3261,2831 3261,2725 728,2737"/>
                <Baseline points="744,2796 875,2798 1007,2799 1138,2799 1270,2801 1401,2801 1533,2802 1664,2802 1796,2802 1927,2804 2059,2804 2190,2804 2322,2805 2453,2805 2585,2805 2716,2805 2848,2805 2979,2805 3111,2805 3243,2805"/>
                <TextEquiv>
                    <Unicode>Hier war ich als ganz junges Mädel, als junge Frau mit dem zwei</Unicode>
                </TextEquiv>
            </TextLine>
            <TextLine id="r1l20" custom="readingOrder {index:19;}">
                <Coords points="736,2957 3208,2975 3233,2880 737,2847"/>
                <Baseline points="755,2925 878,2927 1001,2928 1124,2928 1247,2930 1370,2930 1493,2931 1616,2931 1739,2931 1862,2933 1985,2933 2108,2933 2231,2934 2354,2934 2477,2935 2600,2936 2723,2936 2846,2937 2969,2937 3092,2937 3216,2939"/>
                <TextEquiv>
                    <Unicode>Monate alten Harry, als unglückliche junge Frau als ich meinen</Unicode>
                </TextEquiv>
            </TextLine>
            <TextLine id="r1l21" custom="readingOrder {index:20;}">
                <Coords points="739,3088 3207,3132 3484,3095 3484,3000 739,3013"/>
                <Baseline points="755,3059 890,3060 1026,3060 1161,3062 1297,3062 1433,3062 1568,3063 1704,3063 1839,3063 1975,3065 2111,3065 2246,3065 2382,3065 2517,3065 2653,3066 2789,3066 2924,3066 3060,3066 3195,3066 3331,3066 3467,3068"/>
                <TextEquiv>
                    <Unicode>zweiten Sohn erwartete und mein Mann eine seiner Geliebten mit hat-</Unicode>
                </TextEquiv>
            </TextLine>
            <TextLine id="r1l22" custom="readingOrder {index:21;}">
                <Coords points="736,3186 3290,3216 3291,3128 2500,3093 737,3128"/>
                <Baseline points="755,3186 881,3188 1007,3189 1133,3191 1259,3192 1385,3192 1511,3194 1637,3194 1763,3195 1889,3195 2015,3197 2141,3197 2267,3197 2393,3198 2519,3198 2645,3198 2771,3200 2897,3200 3023,3200 3149,3201 3275,3201"/>
                <TextEquiv>
                    <Unicode>te und heute als angehende Schwiegermutter glücklich,zufrieden.</Unicode>
                </TextEquiv>
            </TextLine>
            <TextLine id="r1l23" custom="readingOrder {index:22;}">
                <Coords points="720,3343 3216,3395 3217,3292 2917,3260 721,3248"/>
                <Baseline points="737,3317 860,3317 983,3318 1106,3318 1229,3320 1352,3321 1475,3321 1599,3323 1722,3323 1845,3324 1968,3325 2091,3326 2214,3327 2337,3327 2461,3329 2584,3329 2707,3330 2830,3330 2953,3332 3076,3332 3200,3333"/>
                <TextEquiv>
                    <Unicode>Nächstens wohl Grossmutter - und bei alledem jung, sehr jung.</Unicode>
                </TextEquiv>
            </TextLine>
            <TextLine id="r1l24" custom="readingOrder {index:23;}">
                <Coords points="729,3478 3454,3475 3427,3390 2875,3360 730,3373"/>
                <Baseline points="747,3447 881,3447 1016,3449 1150,3449 1285,3450 1419,3450 1554,3452 1688,3452 1823,3453 1957,3453 2092,3455 2226,3455 2361,3456 2495,3456 2630,3458 2764,3458 2899,3458 3033,3459 3168,3459 3302,3459 3437,3459"/>
                <TextEquiv>
                    <Unicode>Carry und Magda waren an der Bahn. Magda bildschön.Carry strahlend.</Unicode>
                </TextEquiv>
            </TextLine>
            <TextLine id="r1l25" custom="readingOrder {index:24;}">
                <Coords points="738,3606 3281,3622 3347,3537 738,3514"/>
                <Baseline points="755,3578 883,3578 1012,3579 1141,3579 1269,3579 1398,3581 1527,3582 1655,3582 1784,3584 1913,3585 2042,3585 2170,3587 2299,3588 2428,3588 2556,3590 2685,3591 2814,3591 2942,3591 3071,3591 3200,3591 3329,3591"/>
                <TextEquiv>
                    <Unicode>Sehr nette Stunden im Hause von Wellesz, hübsche Spaziergänge mit</Unicode>
                </TextEquiv>
            </TextLine>
            <TextLine id="r1l26" custom="readingOrder {index:25;}">
                <Coords points="728,3725 3272,3726 3272,3634 2880,3601 2307,3680 729,3616"/>
                <Baseline points="746,3705 871,3707 996,3708 1122,3708 1247,3710 1373,3710 1498,3711 1623,3713 1749,3713 1874,3714 2000,3714 2125,3714 2250,3716 2376,3716 2501,3717 2627,3717 2752,3719 2877,3719 3003,3720 3128,3720 3254,3722"/>
                <TextEquiv>
                    <Unicode>Frieda P. um den See und zum Bärenmoos und mit Emmy W. auf den</Unicode>
                </TextEquiv>
            </TextLine>
            <TextLine id="r1l27" custom="readingOrder {index:26;}">
                <Coords points="728,3864 3473,3860 2904,3755 728,3755"/>
                <Baseline points="746,3839 881,3839 1016,3840 1152,3840 1287,3840 1423,3840 1558,3842 1694,3843 1829,3843 1965,3845 2100,3845 2235,3846 2371,3848 2506,3848 2642,3849 2777,3849 2913,3849 3048,3849 3184,3851 3319,3849 3455,3849"/>
                <TextEquiv>
                    <Unicode>Blaawiesen. Ich fühle mich nur leider physisch gar nicht wohl, Darm-</Unicode>
                </TextEquiv>
            </TextLine>
            <TextLine id="r1l28" custom="readingOrder {index:27;}">
                <Coords points="727,4005 2514,3988 2943,4066 3431,4039 3432,3944 728,3893"/>
                <Baseline points="746,3966 879,3968 1012,3968 1146,3969 1279,3971 1413,3972 1546,3972 1679,3974 1813,3974 1946,3975 2080,3977 2213,3977 2346,3978 2480,3980 2613,3980 2747,3981 2880,3983 3013,3983 3147,3984 3280,3986 3414,3986"/>
                <TextEquiv>
                    <Unicode>zustände, die schon in Luzern anfingen und mich sehr bei hernehmen.</Unicode>
                </TextEquiv>
            </TextLine>
            <TextLine id="r1l29" custom="readingOrder {index:28;}">
                <Coords points="723,4109 1991,4155 2243,4126 2244,4045 1364,4047 1228,4001 989,4064 724,4007"/>
                <Baseline points="740,4089 814,4092 888,4094 963,4095 1037,4095 1112,4097 1186,4098 1260,4098 1335,4099 1409,4100 1484,4100 1558,4101 1632,4101 1707,4101 1781,4101 1856,4103 1930,4103 2004,4104 2079,4104 2153,4106 2228,4106"/>
                <TextEquiv>
                    <Unicode>Von A. zwei liebe Briefe, zwei Karten.</Unicode>
                </TextEquiv>
            </TextLine>
            <TextLine id="r1l30" custom="readingOrder {index:29;}">
                <Coords points="736,4283 3144,4287 3298,4186 737,4143"/>
                <Baseline points="755,4227 881,4228 1007,4229 1133,4230 1260,4232 1386,4233 1512,4235 1639,4236 1765,4236 1891,4238 2018,4239 2144,4239 2270,4241 2396,4242 2523,4242 2649,4244 2775,4245 2902,4247 3028,4247 3154,4248 3281,4250"/>
                <TextEquiv>
                    <Unicode>10.9. Ein blauer schöner Tag steigt aus dem Morgennebel hervor.</Unicode>
                </TextEquiv>
            </TextLine>
            <TextLine id="r1l31" custom="readingOrder {index:30;}">
                <Coords points="3468,218 3498,218 3505,212 3526,225 3560,219 3577,232 3584,225 3601,225 3601,116 3580,113 3570,120 3553,113 3543,120 3512,99 3468,99"/>
                <Baseline points="3485,192 3510,192 3535,192 3560,193 3585,191"/>
                <TextEquiv>
                    <Unicode>34</Unicode>
                </TextEquiv>
            </TextLine>
            <TextEquiv>
                <Unicode>





























</Unicode>
            </TextEquiv>
        </TextRegion>
    </Page>
</PcGts>
