3759 4707
2159 251 2924 464 26.12.1926.Berlin.
695 468 3178 649 Liebste, ich wollte Dir heute Morgens telefonieren - habe bis
709 658 3437 753 nach 9 verschlafen und man sagt mir, dass die Verbindung heute viel-
720 753 3362 878 leicht stundenlang auf sich könnte warten lassen- so wähl ich mir
721 892 3244 1011 einen andern Morgen, an dem ich vor 18 aufwache. Es stellt sich
723 1007 3349 1162 schon wieder heraus, dass ich ausserhalb Wiens um 2 Stunden länger
717 1172 3295 1284 schlage als daheim, wo ich die Unruhe des Hauses in meine Träume
714 1261 3455 1432 hinein spüre. Eben kam auch Dein sehr lieber Brief mit dem "Mädchen"
726 1412 3372 1545 für Alles“, das ich heute samt der "Anastasia" Dora (der ich schon
708 1539 3211 1672 davan gesprochen und die neulich Deine "Mimi" in einem alten
723 1688 3284 1808 Rundschauband gelesen) bringe. Gestern war ich vor Tisch dort -
722 1796 3296 1932 ass zu Mittag mit Heini allein im Hotel. Am Nachmittag besorgte
731 1905 3377 2062 ich die letzte Diagrammkorrektur; Heini und Paul Marx holten mich
731 2062 3172 2192 ab - ins Schillertheater; mit Paul M.; Heini spielte in den
717 2171 3236 2328 Schwestern (ein wundervolles Tschechowstück) eine kleine Rolle
730 2311 3369 2441 vortreiflich; - die Vorstellung auf ungewöhnlichem Niveau, wie sie
720 2441 3458 2573 heute in keinem Wiener Theater annähernd zu erreichen wäre; in man-
718 2593 3377 2720 chen Theilen an die russische Aufführung gemahnend; besonders die
712 2705 3409 2830 drei Schwestern Lossen, Höflich und Lucy Mannheim. Die Herren nicht
714 2830 3244 2999 auf gleicher Höhe, aber zum Theil sehr gut. Die Inzenierung, die
706 2961 3174 3091 Regie (Fehling) glänzend. Nachher (es war erst 12 aus) beim
724 3092 3281 3219 Austernmeyer genachtmahlt mit Heini, Paul M.,Lucy und Fehling.-
718 3237 3241 3347 Für heute haben mir Fischers abgesagt, weil ein Enkel oder eine
708 3365 3271 3488 Enkelin sich verfruht in diese problematische Welt der Oedipus-
1805 3441 2071 3537 sehnen
2685 3455 2918 3542 Fleck
709 3499 3229 3635 komplexe und Angstträume zu scheint. Herr King hat sich
2248 3590 2391 3665 ihn
720 3618 3270 3762 schon mit Heini in Verbindung gesetzt, xxx für eine "herrliche
733 3752 3293 3875 neue Rolle in einem film" (die wahrscheinlich Herr Fleck selbst
721 3886 3197 4029 noch nicht kennt) zu gewinnen gesucht und kommt noch heute zu
721 3992 3247 4142 mir, die Aenderungen, die er am Liebelei-Filz vorgenommen, vorzu-
724 4110 3328 4292 legen. Auch von Elisabeth B. (deren Freundin) gestern telefonisch
729 4289 3490 4405 sprach) erwarte ich heute Nachricht. Graues Winterwetter; in meinem
3470 141 3640 312 j57
