3823 4783
2821 405 3259 556 (24.7.23.)
688 618 3504 740 Ich will mich auch in Baden-Baden recht erholen und gut aussehen, wenn
694 783 3425 885 Du kommst, denn jetzt bin ich sehr bloss. Ich will viel in der Sonne
688 868 1033 1015 liegen.
701 1012 3457 1162 Hier ist es ja wunderschön, aber eben deswegen empfinde ich das fort-
697 1157 3477 1320 währende Alleinsein fast quälend. Denke doch nur,tagelang mit keinem
673 1267 3538 1396 Menschen ein Wort wechseln können, am Abend sitze ich immer auf meinem
693 1417 3506 1536 Balkönchen oder lese in der Fensternische. Die Theater sind geschlos-
706 1510 3079 1693 sen und beim Bummeln in den Strassen wird man angesprochen.
681 1655 3412 1842 Den Bode hab ich mir gleich angeschafft und lese ihn mit Entzücken.
680 1806 3492 1931 Die ganze Zeit wird durch dieses Buch so lebendig. Auch einen Gundolf
691 1928 3493 2092 in Leineneinband um 240.000 Mark habe ich erstanden. Schade, dass ich
698 2059 2484 2216 so wenig Platz in meinem Schrankkoffer habe.
688 2197 2371 2326 Fortsetzung um 19 Uhr nach dem Frühstück.
685 2324 3473 2438 Eben bringt mir die Pust zwei sehr liebe Expressbriefe, einen von Dir,
681 2436 3415 2575 einen von meinem Sohn Karl Friedrich. So ist nun alles so weit ent-
674 2568 3398 2730 schieden. Ich fahre Samstag Mittag hier fort und 9 Stunden nach Ba-
691 2728 3529 2864 den-Baden, Waldparksanatorium Heinzheimer und werde nichts tun als mich
717 2841 3484 2987 auf das Wiedersehen mit Dir freuen! Jetzt will ich mich rasch fertig
675 2997 3463 3120 ankleiden und nach Belvedere fahren und gegen Abend möchte ich durch
668 3112 3446 3267 den Park nach Tiefurt wandern. Es sind heute viele frohe Gedanken in
683 3221 1951 3407 mir, die mich begleiten werden.-
673 3329 3446 3529 Auch der Brief meines Sohnes macht mich sehr froh. Ich werde ihn Dir
679 3477 3527 3630 zeigen und Du wirst sehen was für ein prachtvoller Mensch er ist. Man
673 3649 2671 3763 muss Gott danken, wenn man einen solchen Sohn hat!
672 3778 3400 3907 Für heute genug - ich kann nie ein Ende finden und Du bist doch für
675 3883 2907 4028 plötzliches Abschiednehmen. - Ich küsse Dich innig. Deine
2388 3989 3047 4090 Clara Katharina.
713 4021 3263 4184 Ich hoffe ich finde in Baden-Baden ein paar Zeilen von Dir vor.
3555 98 3682 325 38
