2806 3370
576 239 1110 375 Hofmannsthal
589 498 2517 611 junge anfangende Schriftsteller die mich um das-
591 596 2539 676 selbe hätten bitten können. Ob es gescheidt oder
586 671 2447 753 dumm ist, vom ausserliterarischen Standpunkt, so
588 736 2488 831 etwas drucken zu lassen, das muss ein 22jähriges
584 803 2481 882 Mädel selber wissen und jedenfalls ist es nicht
580 868 2445 946 meine Sache, ihr da drinzureden. Was ich in dem
585 934 2487 1011 Prolog ausgedrückt habe, geht nicht über das hi-
580 997 2442 1072 naus was ich bei solchen Sachen, wie diese oder
583 1072 2468 1163 wie früher einmal das Tagebuch der Marie Basch¬
588 1137 2366 1230 kirtseff, wirklich empfinde: dass es wirklich
577 1184 2432 1293 recht merkwürdig ist, wie stark in unserer Zeit
614 1269 2364 1346 Frauen oder Mädeln von dem Spiegelbild ihrer
576 1336 2359 1420 selbst fasciniert und dadurch aus dem naiven
579 1390 2496 1473 starken Empfinden hinausgestohlen (gestossen) werden. Warum
587 1481 2560 1555 soll mir also die Geschichte Unannehemlichkeiten
579 1540 2479 1612 bereiten? das verdient man doch nur wenn man ge¬
571 1599 2481 1674 logen oder entstellt hat, ich habe aber wirklich
576 1654 2591 1759 nichts gesagt, als was ich auch denke nur dass
823 1731 2593 1829 Versen ernster klingt.- Es thut mir so leid,
581 1798 2526 1887 liebe gnädige Frau, dass wir uns wegen einer ganz
589 1859 2511 1973 fremden Sache so unangenehme Briefe schreiben, es
568 1930 2426 2008 paast gar nicht zu uns und am wenigsten zu der
596 2001 2548 2093 sehr herzlichen Dankbaren Verehrung und
603 2068 2500 2158 Zuneigung, die ich für Sie habe. Wenn ich dächte,
664 2124 2634 2226 dass Sie Ihren Brief wirklich in sehr grosser Eile
654 2198 2507 2306 geschrieben haben, würde ich Sie gerne bitten mir
581 2261 2468 2361 noch eine Zeile jetzt zu schreiben, wenn nicht,
593 2325 1664 2434 bitte ich aber nicht darum.
1047 2391 1194 2486 Ihr
1203 2444 1732 2559 Hofmannsthal.
1397 2566 1461 2665 ...
127 2056 202 3169 macht mich offenbar
221 1808 321 3213 »Minni« zu liebe älter.
305 1968 393 3228 Es konnt aber auch sein,
415 1963 471 3275 daß ich mich für Hugo älter
512 2198 571 3241 machte um ihm
593 2642 662 3275 zu imponieren.
