3755 4658
1905 335 3353 489 Berlin, 12.11.1930. Hotel Esplanade.
1945 464 2431 608 (nach Wien
632 569 3287 736 Mein Liebes, eine Chronik vorerst! Gute Reise bis 3 Uhr Früh, dann
642 734 3197 888 nicht mehr geschlafen. Ankunft bei Regenwetter. Hotel angenehm,
632 863 3381 1029 kleines Zimmer mit grösserem Badezimmer, al erlei Telefonierei. Mit-
636 980 3370 1115 tag bei O. mit dem jungen Ehepaar, das gut aussieht und sich auf die
638 1126 3358 1242 Wohnung freut. Im Hotel bei mässigem Befinden gelesen "Kathrin wird
635 1262 3412 1395 Soldat" (von Andrienne Thomas, recht fesselnd). Versuch eines mir un-
638 1411 3441 1543 bekannten Dichters mich zu sprechen, Sendung von Manuscripten. Hinein-
632 1522 1477 1669 geschaut; -Blödsinn.-
634 1659 3433 1810 Im Schillertheater mit O. und Ruth Clavigo zum Teil gute Vorstellung.
679 1786 3276 1926 Heini als Buenco besonders gut. Nachtmahl im Esplanade.- Nach
622 1878 3356 2064 Mitternacht zu Bett. - Wieder zu wenig geschlafen.- Telefonirt, dis¬
632 2019 3467 2174 ponirt. Winterlicher Tag mit einiger Sonne.- Die beiden Filminteres¬
635 2183 3290 2345 senten (N. und Schröder melden sich, der letztere allerdings durch
625 2312 1958 2466 seine Secretärin als abwesend). -
626 2414 3475 2536 Bei S. Fischer - Die history of Reigen ist im Bureau übersetzt worden.
637 2583 3461 2727 aber S. F. will sie nicht drucken, denn er hat Angst - gerade durch die
630 2716 3435 2824 Vorrede - könnte Confiscation und andere Unannehmlichkeiten provocirt
635 2847 3541 2967 werden. Aber, man denke, den Reigen selbst will er doch erscheinen lassen.
1622 2937 2230 3011 Vorbesprechung
624 2976 3390 3129 (Ich glaubs noch nicht). xxx xxxzehmig mit ihm,Bernann und Kayser
683 3093 3499 3220 (Redakteur der Rundschau) wegen der (noch nicht angebracht angelang¬
669 3219 3364 3406 ten) Novelle. Anderes verlegerisches. Freundschaftlicher Ton. Auch
617 3326 1357 3482 Eipper erscheint.
616 3472 3393 3642 Mittagessen bei Michaelis; woselbst auch Dr.Billiter, der mit Michse-
639 3617 3359 3757 lis eine Patentsache für Amerika zu erledigen hat. Viel über "meine"
628 3751 3470 3896 Amerikareise. Zurück mit den zwei Herren, ein wenig in den Strassen, ge¬
662 3859 1870 4025 bummelt, um 5 wieder im Hotel.
622 4003 3356 4149 Heute Abend steht der "Bürger Schippel" bevor; morgen Abend mit
619 4137 3257 4311 Fischers bei Michaelis; - an den folgenden "Elisabeth von England",
