3742 4662
2287 249 2929 427 12.1.1925.Bl.2.
633 473 3279 603 Ich habe heute schon ziemlich viel an der neuen Novelle geschrie.
607 604 3282 749 und die langen Brief an Dich - kein Wunder, dass mir der Arm schon
589 742 3250 902 weh tut. Gestern in Mödling las mir Anna wieder ein Kapitel ihres
595 887 3365 995 neuen Romanes vor, das wirklich ganz ausgezeichnet ist. Sie ist jetzt
597 999 3215 1146 mit der Hälfte fertig und schickt sie nach München an Ephraim F.
594 1123 3359 1265 Hast Du Thomas M. in München gesprochen? Ich konnte das nicht recht
595 1243 1078 1374 entziffern.
595 1352 3274 1543 Nun bist Du schon ohne Lili und ich bin neugierig, zu hören, wiedas
1128 1471 1332 1554 mit C
597 1515 3286 1667 Zusammentreffen war. Heute Abend und wohl jetzt, während ich an Dich
572 1650 3396 1798 schreibe, liest Du wohl in Freiburg. Es ist 9 Uhr und es wird für mich
632 1795 3394 1922 enilich Zeit zu nachtmahlen. Nachher will ich noch die Johanna wei-
584 1917 3328 2060 terlesen, die mir Frieda P. gestern brachte und ich in der heutigen
576 2047 3388 2175 recht schlaflosen Nacht zu lesen begonnen habe. Morgen werde ich wie-
579 2189 3255 2339 der etwas mondainer leben - Vormittag in die Stadt,Nachmittag Emmy
573 2320 3505 2417 Erlanger, Abend Fredi und Kino. Für heute gute Nacht. Vielleicht schreibe
579 2430 2950 2588 ich morgen noch ein paar Zeilen, ehe ich den Brief aufgebe.
580 2574 3320 2709 13.1. Guten Morgen! Eben kommen Deine lieben Zeilen aus Baden-Baden.
570 2698 3336 2830 Mir ist gar nicht ka kämen sie aus einer mir bekannten Gegend, sondern
570 2810 2058 2969 aus einer fremden, sehr fernen Stadt.
566 2931 3276 3094 Ich freue mich, dass Du Dich wohl fühlst und da die grösste Hetzerei
577 3087 3055 3212 nun Überstanden ist, wirst Du Dich hoffentlich auch erholen.
568 3210 3405 3341 Ich habe heute besser geschlafen, aber der Tag ist grau, dichter Nebel,
568 3354 3225 3474 sogar jetzt noch um 10 Uhr. Ich will aber trotzdem später an die
549 3469 2348 3592 Luft Bewegung machen. Einen herzlichen Kuss.
1967 3601 2605 3764 ClaraKatharina.
1561 3736 1874 3881 - - - - —
3482 105 3638 265 106
