3726 4662
2257 214 2911 386 12.8.1924. Bl.2
617 415 3399 615 unser Zusammensein ein schönes, beglückendes ist, durch keinerlei Ver-
573 585 3406 737 stimmungengetrübt. Die Zudringlichkeit von L.'s finde ich grotesk. Du
577 727 3439 896 musst sie doch nicht abwarten und keinesfalls Dich von ihnen aufhalten
554 843 2096 984 lassen, -ausser- es ist Dir erwünscht.
2711 903 2876 1020 kühl
565 960 3537 1100 Nach anderthalb schönen sonnigen Tagen ist es wieder xxxk und regnerisch.
623 1123 3470 1250 Ich will jetzt rasch ein bisserl spazierenlaufen und über vieles nach-
603 1236 936 1387 denken.
579 1393 3360 1502 Meine Novelle "Das Abschiedsfest der Sybille Engerth" habe ich schon
624 1538 3493 1646 zu schreiben begonnen. Ich lese mit viel Vergnügen die "Cousine Bette",
592 1641 3469 1765 aber am allerliebsten schlafe ich. Es ist noch immer sehr viel Müdigkeit
563 1774 3333 1880 in mir, vielleicht auch durch den Mangel an Bewegung und Abwechslung.
620 1887 3405 2041 Dass Direktor H. nichts von sich hören lässt finde ich unerhört. Ich
587 2040 3269 2154 glaube, diese Sache wird sich schriftlich überhaupt nicht ins Reine
574 2148 3348 2266 bringen lassen und Du wirst wohl schon aus diesem Grund zeitlich nach
573 2287 3391 2418 Wien zurück müssen. Ich sehe Deinen weiteren Nachrichten mit Spannung
583 2404 3364 2567 entgegen und hoffe morgen mündlich oder schriftlich zu erfahren, wo-
551 2523 1087 2695 ran ich bin.
1051 2656 1741 2842 Ich umarme Dich.
1638 2805 1906 2944 Deine
1854 2890 2548 3086 Clara Katharina.
3503 99 3627 245 90
