3690 4686
597 334 1465 474 An A.S. nach Berlin.
2118 302 3029 480 Wien, 3. Dezember 1927.
601 577 1131 731 Mein Liebes,
1078 739 3419 872 ich schreibe diese Zeilen um 7 Uhr Früh, denn ich habe die
598 867 3203 1000 ganze Nacht vor freudiger Aufregung nicht schlafankönnen. Es war
612 986 3202 1137 11 Uhr und ich lag im Bett und las die Korrekturbogen der Neuen
600 1136 3377 1282 Freien Presse durch, als das Telefon klingelte und ein Redakteur Sie-
601 1255 3337 1370 bert von der Neuen Freien Presse bei mir anfrägt, ob ich mich an dem
602 1390 3231 1538 Preisausschreiben des Deutschen Volkstheaters beteiligt habe. Auf
608 1507 3409 1675 meine erstaunte Frage: "Ja, warum wollen Sie denn das wissen?" antwor-
641 1652 3214 1811 tete er, er sei eben die Nachricht an sie gelangt, dass Katharina
591 1777 3360 1922 Pollaczek einen Preis bekommen habe, - ob ich das sei. Du kannst Dir
597 1880 3273 2061 meine Aufregung denken. Du hast mir schrecklich gefehlt. Die Sache
594 2038 3449 2166 scheint sich nach den konfusen Reden dieses Herrn so zu verhalten, dass
599 2145 3247 2311 der erste Preis überhaupt entfallen ist und der zweite Preis ganz
584 2305 3474 2467 gleichwertig an Paul Wertheimer, an einen Dr. Scholz und an mich verliehen
584 2418 3311 2533 wurde. Ich sprach dann auch Dr. Benedikt, der noch nichts wusste, aber
579 2565 3220 2693 sehr erfreut schien. Er sagte mir, dass er Dich angerufen hätte, um
576 2681 3300 2813 Dir für die wundervollen Aphorismen zu danken, er höre aber, Du seist
585 2809 2790 2914 in Berlin. Er bat mich Dir seinen Dank zu übermitteln.
1150 2938 3384 3093 Ich hoffe sehr, dass dieser Preis meine Stellung zu Ver-
573 3083 3242 3206 legern und Theatern günstig beeinflussen wird und ich endlich auf
617 3228 3347 3334 einen grünen Zweig und zu einer Art Sorglosigkeit gelangen werde, um
578 3329 1617 3480 ruhig arbeiten zu können.
1111 3491 3145 3607 Wie vieles hätte ich jetzt mit Dir zu besprechen.
1116 3601 3403 3762 Die "Charlotte Corday" zu der es mich jetzt immer hefti-
561 3726 3370 3905 ger drängt, will ich "Das Fräulein von Cordet d'Armont" nennen, wie sie
562 3855 3324 3999 ja eigentlich hiess. Es liegt in diesem Titel schon etwas von meiner
559 3956 1363 4117 Einstellung zu ihr.
1118 4105 3412 4301 Im übrigen sehe ich wieder, wie schwach trotz meines der-
3514 93 3575 278 7
