3770 4714
1783 394 3161 606 Berlin, u. 1927. Hotel Bristol.
560 627 3329 788 viebste, sehr gut bis gegen 8 geschlafen - und eigentlich nur durch ein
554 773 3434 907 Klopfen an der Nebentüre aufgewacht, das übliche Berliner Frühstück (das
544 919 3402 1066 sich nur durch die Localität von dem Wiener unterscheidet) und im win-
505 1033 3311 1186 terlich verdunkelten und zugleich beleuchteten Zimmer, und nun eh das
546 1145 3301 1336 Tagwerk beginnt, einen Guten Morgengruss zu Dir. Der gestrige Tag war
545 1278 3285 1449 durch die argen Kopfschmerzen ziemlich getrübt; - heute fühl ich mich
491 1421 3349 1592 ganz wohl. Gestern nachdem Heini mich verlassen (der in guter Stimmung
506 1570 3316 1706 und bei guten Aussehen ) zu S.F. Lange Unterredung mit ihm und später
485 1706 3418 1859 auch mit Maril.Nicht sehr erfreulich; sein Nervenzustand eingestandener-
526 1781 3391 1998 massen sehr schlecht, daher sein schwankendes Wesen noch entschiedener
533 1929 3221 2095 betont. Vorschlag die gesammelten Werke in der neuen Augabe wegen
537 2072 3426 2242 Verbilligung um 1 oder 2 Bände zu kürzen, was ich ablehne.- Ueber Thereze
496 2205 3377 2349 allerlei dummes (z.B. dass es eine Art Relgen: -alles was wir in Kloben-
484 2301 3449 2505 stein besprachen, eigentlich vergessen. Dabei war er immer sehr herzlich; -
526 2449 3353 2633 in noch höherem Masse seine Frau, die mich im Laufe des Tags wohl drei-
483 2618 3299 2750 mal anrief, wegen Abend.-Ich konnte aber mit meinem Kopf keine Gesell-
479 2736 3320 2881 schaft riskieren. - Im Bristol (sehr gut, aber umtrubelt), mit Heini Mittag
483 2862 3249 2996 essen: von 4-6 ohne viel machen zu können im Zimmer; - ins Sanatorium
506 2988 3406 3166 zu Viki Mimi; Krankengeschichte, Aerzte!... doch geht es Mimi eigentlich
520 3107 3286 3280 schon gut. - Im Ufapalast (fabelhafte Aufmachung) bei einem schlechten
472 3224 3359 3420 Harals Lloyd Film; Rendezvous mit Heini und O. in einem kleinen Restau-
469 3375 3315 3523 rant (Hr. Frolics Bar), günstige Berichte über den Fortgang der Berliner
474 3508 3275 3652 AAntiquitätenangelegenheiten. - Daheim noch zu lesen versucht, Werfel -
465 3615 3311 3758 gleich eingeschlafen- und bei brennendem nicht und offenem Buch aufge-
454 3752 3352 3919 wacht (siehe oben) - Programm für heute- Hegewald, Fahrt mit Herrn Fleck
432 3903 3422 4047 nach Wannsee, Freiwildaufnahme - Mittag bei Dora und Kaufmann von Venedig.
453 4004 3163 4192 Abend nachher vielleicht mit Bergner und Kortner (der mich, wie es
463 4153 2055 4294 scheint, sehr dringend sprechen möchte).
435 4292 3330 4509 Das Hotel sehr gut - doch eine Nuance (und mehr) unter Esplanade; Essen,
