3758 4658
2200 321 2977 489 Berlin, 16.11.1930.
742 492 3281 684 bstes, nach unserem Telefongespräch hab ich Horch angerufen; - er
602 674 3330 803 fährt wahrscheinlich Dienstag nach Wien - es kann aber auch Freitag
1088 748 1364 827 bittet
629 788 3407 977 werden; er xxx Dich das Stück aber jedesfalls lieber zu schicken;
599 927 3330 1046 da er in Wien doch nicht lesen könnte. Ich hab ihm alles Nötige und
612 1047 3320 1221 Ueberflüssige gesagt; rate Dir ihn in Wien (in der Josefstadt) für
635 1198 3306 1337 alle Fälle anzurufen. Du bist Dir hoffentlich klar, dass sein
589 1318 3442 1452 Einfluss in der Richtung Stückannehme völlig null ist (siehe Spiel der
575 1433 1153 1587 Sommerlüfte.)
598 1573 3356 1720 Neulich Elisabeth im Deutschen Theater. Ich hatte einen ganz starken
674 1723 2627 1844 Eindruck, besonders von der Straub als Elisabeth.
588 1841 3228 1991 Heute Vormittag bei Paul Goldmann und allerlei Telefon.
583 1941 3401 2114 Zu Tisch bei Fäschers, längeres Gespräch mit Dr.Bermann, den man erzie-
595 2091 3391 2253 hen könnte.- Ein Film wurde vorgeführt, den Hermann gedreht hatte für
585 2240 3321 2380 häusliches Kino. Thomas, Heinrich Mann, Hauptmann, Renée Schickele im
587 2365 3216 2513 Garten und von der generation Fischer umgeben und umspielt, u.s.w.
614 2480 3263 2610 Heute komm ich dran; - sowie Waldau. Dieser möchte gern den Sala,
590 2629 3437 2754 ebenso wie Komödie oder Worte spielen und wird mit Reinhardt in diesem
567 2747 3225 2889 S'Sinn reden (es wird aber nichts herauskommen). - Für heute Abend
564 2883 3218 3045 xx steht der "Doktor" von Schönherr bevor; nachher mit Heini und
567 3023 3280 3133 Donath. Heini und Ruth wohnen in einer Pension, da die Wohnung noch
573 3126 3470 3274 nicht beziehbar; erst Mittwoch. - Morgen - muss ich mich philosophieren
566 3284 3292 3438 lassen; u.zw. von Frau Schröder, die ein Atelier (ehemals Biber) be-
577 3392 3317 3583 sitzt; ich konnte es aus opportunistischen Gründen nicht abschlagen.
562 3531 3341 3701 Besprechungen mit Bibo (Kakadu), Mohrenwitz (amerikanische Filmsache
573 3672 3319 3785 Casanova rese. Kakadu), Schröder (wegen Liebelei-Ton-Hegewald-Oswald)
573 3786 3408 3906 - Kreil - Wiegler, eventuell noch einem andern Öllsteinherrn stehen zu-
554 3876 1168 4062 nächst bevor.-
550 4031 3445 4213 Ich bin etwas rede- und verhandlungsmüde, - halte mich im übrigen
552 4194 3420 4337 gesundheitlich gut. Von Arbeit kann natürlich keine Rede sein. Ende der
549 4257 1040 4344 Woche half wh
1858 4290 3387 4438 Lebwohl und sei von ganzem Herzen um-
558 4320 1824 4456 ärabe heff ich zuhaus zu sein.
567 4411 1183 4561 armt. Dein A.
