3771 4715
1951 336 2632 505 Berlin, 6.1.1930.
581 477 3333 639 Mein Liebes, es tut mir leid, dass mein längerer Aufenthalt in Berlin
594 639 3368 781 Dein Missfallen findet. Es ist mir so schwer etwas dazuhu sagen,- denn
605 754 3403 898 alles sähe wie Rechtfertigung oder Entschuldigung aus -und dazu liegt
573 914 3329 1065 doch wahrhaftig kein Grund vor. Hingegen wie Du weisst viele Gründe
604 1031 3279 1153 dafür einige Tage oder selbst Wochen hier zu verbringen und es käme
602 1154 3281 1305 mir etwas komisch vor hier alles aufzuzählen, was mir ein Verweilen
607 1257 3391 1392 in Berlin, wo ich seit März vorigen Jahres nicht gewesen bin, nicht nur
592 1437 2612 1546 angenehm, sondern auch notwendig erscheinen lässt.
600 1518 3271 1654 Gestern habe ich Krauss im Kaiser von Amerika geselahn, sehr schöne
604 1683 3406 1820 Auffassung eines Kaisers, der keiner ist -; und habe dann mit Heini und
633 1806 3361 1949 Horch genachtmahlt. Jetzt eben erwarte ich Weini, um mit ihm zu Eli-
603 1899 3316 2080 sabeth zu fahren. - Abende bin ich heute mit Heini Rut zusammen, noch
604 2050 3276 2234 unbestimmt wo. Morgen dürfte ich wieder bei Dora essen. Besuch und
603 2173 3303 2330 Unterredung mit Herr, Chapiro, Maril, Klein und Anderen stehen bevor.
590 2328 3265 2443 Das Wetter ist frühlingshaft achön, mein Befinden recht gut und ich
587 2432 3244 2632 wünschte mir, dass Du endlich - vor allem innerlich - die richtige
573 2589 3283 2702 Beziehung zu diesen Berliner Reisen fändest - durch die wahrhaftig
616 2711 3280 2818 Dir nicht das geringste genommen wird und mir vor allem durch das
572 2812 3346 2982 Beisammensein mit Heini und durch Aenderung der Atmosphäre Belebung.
588 2992 2015 3125 Anregung und Freude geschenkt wird.
596 3111 3285 3245 Ach, dass man das immer wieder sagen muss. Lebwohl, mein Liebes, und
589 3208 3443 3410 werde doch vernünftig. Ich denke Anfang nächster Woche zuhause zu sein.
628 3352 1619 3503 Ich umarme Dich. Dein A.
1681 3508 1899 3639 - - — —
