3759 4655
2701 242 3019 375 Bl. 2.
2027 185 2403 430 21.3.25
798 478 3317 659 ist ein wahrhaft entzückendes Wesen, sieht nicht sehr gut aus.-
997 647 3493 786 Es giesst unentwegt. Um 12 hab ich heut hoffentlich endgülti-
595 776 3442 899 ge Besprechung mit Wiegler und dem Geschäftaleiter im Verlag Ullstein.
592 903 3453 1055 Dann speise ich mit Heini (allein), abends holen uns Steinrücks ab - wir
576 1018 3380 1201 hätten zu ihm hinauf sollen, das ist aber weit (etwa wie Mödling) und
591 1169 3293 1284 so bat ich sie herein. Morgen seh ich Vormittag Lothar, der mir aus
581 1285 3287 1451 Amerika allerlei berichten will, esse mit Barnowsky und komme viel-
607 1447 3280 1576 leicht wegen der Komödie der Verführung mit ihm überein. Abend bei
641 1572 3325 1710 Michaelis mit Heini, Bettina und vielleicht Szells. Montag esse ich
578 1677 3161 1826 bei Barnowsky mit Theeodor Wolff und spreche Maril noch einmal.
995 1810 3495 1991 Dienstag Abend fahre ich ab; bin Mittwoch Nachmittag in Wien,
571 1948 1688 2106 rufe wohl zwischen 4-5 an.
960 2076 3424 2228 Wenn ich nicht auf jede Einzelheit Deines Briefes eingehe, so
596 2237 3450 2357 glaube nicht, dass das ein Mangel meiner Aufmerksamkeit oder gar meiner
593 2344 3335 2471 Antheilnahme Ursache hat -ich weiss- und liebe gewissermassen jedes
573 2482 3500 2605 Wort, das Du schreibst; auch wenn Du Dich absichtlich kühl gebärdest --
594 2603 3419 2733 Es ist nun einmal so, dass die Strahlen der Seele auf dem Umweg durch
602 2705 3445 2881 das geschriebene Wort wie Lichtwellen auf ihrem Weg durch ein gekrümm
603 2865 3337 3005 tes Glas zu brechen pflegen. - Ich freue mich Deinem lieben Gesicht,
580 3003 3272 3112 Deinem geliebten Mund und Deinem Herzen entgegen. Ich küsse Dich
921 3126 1713 3266 tausendmal. Dein A.
1757 3254 2013 3389 - - - —
