3823 4783
2367 461 2811 614 (20.7.23).
740 690 3375 895 soll ich's nicht sagen - ein wenig Sehnsucht nach der Sternwarte-
694 847 3377 985 strasse - Ich möchte gern bald von Dir hören,viel von Dir wissen
694 990 2785 1121 Nun Schluss, sonst wird dieser Brief noch ein Buch.
1087 1114 1913 1279 Es küsst Dich Deine
1854 1259 2544 1380 Elara Katharina.
691 1353 3341 1497 Adressiere Weimar Hotel Erpprinz. Sollte ich dort kein Zimmer be-
706 1537 2492 1667 kommen, so hole ich mir die Post von dort ab.
1716 1714 1993 1829 -- — — —
