3759 4674
2599 240 3348 483 8.8.31. Bl. 2.
712 500 3240 674 Esplanade. Heute gegen Abend kommt Heini, Montag wahrscheinlich
674 631 3405 816 Arnoldo; Mittwoch wahrwohnlich Schinnerer.- Trotzdem hoff ich die
683 780 1797 950 Zeit zum arbeiten zu haben.
2074 889 2827 1043 9.8. Sonntag Früh.
679 1000 3496 1185 Kaum hatte ich das geschrieben, so wurde mir gemeldet, dass Heini schon
681 1171 3401 1319 angekommen sei. Er war von Attnang aus mit dem Autobus gekommen. Er
684 1309 3404 1410 sieht famor aus und hat an 100 Photographien mit den unheimlichsten
712 1429 3369 1547 Gletschern mitgebracht, die er überquert hat (und allerlei mildere
659 1570 3452 1703 Aufnahmen.) Wir gingen abends am See spazieren und landeten an einem
657 1691 3331 1825 Wirtshaus "Zum Weiher", wo wir in ein Volksfest hineingerleten, mit
671 1816 3391 1969 der Rede eines cylanderschwenkenden Bürgermeister, Feuerwerk, Trubel
648 1957 3403 2089 und einer Schönheitskonkurrenz, die wir nicht
672 2081 1369 2229 mehr abwarteten.
667 2190 3328 2348 Das Hotel abgesehen von den üblichen Unannehmlichkeiten der alten
675 2371 3433 2465 Salzkammerguthotels ist sympathisch, und die Lage wirklich berückend.
686 2469 3440 2611 Von einem Wechsel des Aufenthaltes ist ja nicht die Rede: Heini muss
717 2612 3368 2740 am 17. in Berlin sein; die Anwesenheit von 0., Arnoldo dürfte mich
688 2748 3411 2875 nicht um vieles länger erstrecken. So hoffe ich sehr um den 20. he¬
682 2839 3395 2998 rum mit Dir zusammen zu sein; - Über den Ort werden wir uns unschwer
682 3002 1366 3137 einigen können.-
677 3126 3383 3269 Ich sende Dir diesen Brief nach Wunsch rekommandiert-express, obzwar
709 3255 3360 3380 ich nicht glaube, dass die Neugier in Deiner Umgebung bis zum Spo¬
677 3385 3362 3548 lieren von Briefen getrieben werden dürfte - Bitte um Nachrichten
668 3513 2155 3686 und sei tausendmal gegrässt. Dein A.
1647 3651 1931 3779 - - - - -
