3690 4707
3074 267 3159 378 3
2887 369 3202 535 9.9.26.
653 509 3370 679 P.S. Die verschwundenen Knöpfe belustigen mich sehr, sie werden doch
609 663 1812 834 in einer Westentasche stecken.
2761 759 3450 935 10.9.8 Uhr Früh.
691 934 3248 1065 uten Morgen! Ichs ehe aus dem Fenster und sehe nichts. Berge und
604 1063 3260 1203 See verschwunden. Ausseer Herbstnebel. Um 10 holt mich Frieda, um
640 1219 2924 1333 auf das Beerenmoos zu gehen. Ich küsse Dich in Gedanken.
607 1330 3213 1477 Eben kommt Carly und überbringt mir eine dringende Einladung von
601 1447 3249 1578 Wassermanns für heute Abend und behauptet ich darf nicht absagen.
626 1602 3458 1736 Er hat sich angeblich erinnert, dass er mich von früher her kennt etc.
613 1725 3257 1849 Ich gehe mit sehr gemischten Gefühlen und weiss nicht, wie ich das
611 1823 3346 2021 durchhalten soll. Cary fleht mich an nicht unliebenswürdig zu sein.
3396 89 3551 237 352
