3690 4703
2756 386 3219 501 20.6.1925.
646 571 3368 722 12 Uhr 10 in Innsbruck ein, werde morgen noch nach Baden-Baden tele-
648 706 3377 853 graphieren und ein paar Zeilen sollen Dich in München erwarten. Ich
639 828 3446 979 hoffe, Du holst diesen Brief hier noch an der Post in Baden,-Baden ab,
1915 909 2335 1006 Herchenbach
631 952 3325 1081 denn ich wollte inn nicht in die Hardenbergstrasse adressieren und
641 1098 3335 1243 ich Thoffe auch noch von Dir schriftliche Nachrichten zu erhalten.
1072 1230 2425 1379 Indessen eine herzliche Umarmung.
1593 1342 1854 1467 Deine
1838 1493 2041 1596 C.K.
3439 111 3591 257 167
