3783 4722
2539 256 3297 403 15.3.1929 Bl.2.
672 378 3379 605 mitgebracht - sie seien jetzt bei ihrer Sekretärin - Aher sie bei
727 595 3387 714 bereit sie sofort (um 10 Uhr abends) abzuholen; - wir einigsten uns
745 727 3343 875 endlich darüber, dass sie mir die Masse in einigen Abschriften am
727 890 3459 1022 nächsten Tag (gestern) persönlich ins Hotel bringen wolle. Heini kam
690 999 3490 1139 um all aus dem Theater und nachtmahlte mit uns.- Sie scheint sich auch
734 1111 3462 1263 in einer Art von Lebenskrise zu befinden. Als Beweis, dass sie nicht
693 1241 3393 1404 so unverlässlich sei, wie ich bhaupte,- führte sie - nicht ganz im
727 1403 3488 1544 Scherz an - dass sie Dein Stück gelesen - und dass es überhaupt noch
670 1528 2359 1686 nach zwei Jahren vorhanden gewesen sei! -
696 1622 3503 1777 Wir verfassten ein Telegramm an Strnad, dass sein Kommen dringend not-
694 1794 3383 1962 wendig sei! - und dass die Reimekosten nicht ihm zur Last fielen.-
696 1891 3565 2043 Als ich gestern Mittags zu Dora kam - war Elisabeth eben persönlich da-
674 2029 3496 2188 gewesen - hatte die Masse - im Original und in zwei Abschriften dage-
678 2187 3435 2284 lassen; - es ist eigentlich ein regelrechter Bühnenplan, und ich ver-
676 2319 3501 2442 muthe, dass sie den Pian bis gestern - vielleicht aus Aberglauben-Über-
683 2446 3376 2592 haupt nicht gesehen hatte; - denn sie sprach (auf meine Frage) immer
730 2556 3542 2678 nur von Ziffern - und mit keinem Wort von dem Plan, der im ganzen sehr
699 2697 3420 2820 verständlich und einfach, - nur nach seinen Dimensionen problematisch
725 2833 2334 2970 schien (wie Du bald näher hören wirst) -
687 2944 3455 3100 Man aus wie gewöhnlich recht spät bei Dora; der Doktor kam erst um 3
690 3070 3411 3194 aus dem Bureau; gegen 5 war ich zuhause; - endlich in dem definitiven
731 3228 3445 3371 sehr angenehmen Zimmer; - um 6 kam Dr.Klein, einpkluger, klarer Mensch-
692 3346 3449 3473 kaum 30 Jahre alt. Wir sprachen über die Komödie der Verführung - die
731 3484 3420 3603 er aber nicht besetzen kann; -ich sprach von "Schwestern", von "Gang
692 3594 3460 3722 zum Weiher" - er kennt weder das eine noch das andere! - (Dabei hat er
686 3679 3278 3860 mich vor 5 Jahren durch Albert Steinrück dringend um den "Gang"
695 3870 3619 4018 ersuchen lassen. Er wusste nichts von dem Stück, nicht einmal den Namen.-
682 3988 3523 4098 Dann über die "Letzten Masken" - die er mit Bassermann und Krauss geben
679 4127 3374 4290 will.-Ich wiederholte - dass ich nur dann beistimme, wenn er andere
3539 110 3693 258 204
